,2008-06-30,2008-09-30,2008-12-31,2009-03-31,2009-06-30,2009-09-30,2009-12-31,2010-03-31,2010-06-30,2010-09-30,2010-12-31,2011-03-31,2011-06-30,2011-09-30,2011-12-31,2012-03-31,2012-06-30,2012-09-30,2012-12-31,2013-03-31,2013-06-30,2013-09-30,2013-12-31,2014-03-31,2014-06-30,2014-09-30,2014-12-31,2015-03-31,2015-06-30,2015-09-30,2015-12-31,2016-03-31,2016-06-30,2016-09-30,2016-12-31,2017-03-31,2017-06-30,2017-09-30,2017-12-31,2018-03-31,2018-06-30,2018-09-30,2018-12-31,2019-03-31,2019-06-30,2019-09-30,2019-12-31,2020-03-31,2020-06-30,2020-09-30,2020-12-31,2021-03-31,2021-06-30,2021-09-30,2021-12-31,2022-03-31,2022-06-30,2022-09-30,2022-12-31,2023-03-31,2023-06-30,2023-09-30,2023-12-31
reportedCurrency,USD,USD,USD,USD,USD,USD,USD,USD,USD,USD,USD,USD,USD,USD,USD,USD,USD,USD,USD,USD,USD,USD,USD,USD,USD,USD,USD,USD,USD,USD,USD,USD,USD,USD,USD,USD,USD,USD,USD,USD,USD,USD,USD,USD,USD,USD,USD,USD,USD,USD,USD,USD,USD,USD,USD,USD,USD,USD,USD,USD,USD,USD,USD
grossProfit,1219000000,1298000000,1371000000,1283000000,1182000000,1311000000,1552000000,1532000000,1525000000,2117000000,1803000000,1820000000,1799000000,2383000000,2105000000,2140000000,2028000000,2106000000,2367000000,2466000000,2437000000,2372000000,2679000000,2614000000,2610000000,2957000000,2931000000,2953000000,3027000000,3056000000,3095000000,3155000000,3075000000,3590000000,3911000000,3747000000,3982000000,4180000000,4258000000,4437000000,4618000000,1380000000,3988000000,3935000000,4206000000,4447000000,4196000000,4101000000,3125000000,3805000000,3965000000,3724000000,4225000000,4695000000,5080000000,4983000000,5049000000,5498000000,5581000000,5503000000,5614000000,5843000000,6088000000
totalRevenue,1613000000,1709000000,1739000000,1647000000,1646000000,1879000000,1960000000,1959000000,2029000000,2117000000,2238000000,2245000000,2322000000,2383000000,2547000000,2578000000,2565000000,2731000000,2846000000,2958000000,3001000000,2973000000,3155000000,3163000000,3155000000,3229000000,3382000000,3409000000,3518000000,3571000000,3565000000,3626000000,3630000000,4261000000,4461000000,4477000000,4565000000,4855000000,4862000000,5073000000,5240000000,5434000000,5506000000,5494000000,5840000000,6137000000,5947000000,5737000000,4695000000,5467000000,5551000000,5608000000,5999000000,6616000000,6925000000,7055000000,7164000000,7847000000,7799000000,7843000000,7941000000,8403000000,8447000000
costOfRevenue,394000000,411000000,368000000,364000000,464000000,568000000,408000000,427000000,504000000,536000000,435000000,425000000,523000000,526000000,442000000,438000000,537000000,625000000,479000000,492000000,564000000,601000000,476000000,549000000,545000000,272000000,451000000,456000000,491000000,515000000,470000000,471000000,555000000,671000000,550000000,730000000,583000000,675000000,604000000,636000000,622000000,4054000000,1518000000,1559000000,1634000000,1690000000,1751000000,1636000000,1570000000,1662000000,1586000000,1884000000,1774000000,1921000000,1845000000,2072000000,2115000000,2349000000,2218000000,2340000000,2327000000,2560000000,2359000000
costofGoodsAndServicesSold,394000000,411000000,368000000,364000000,359000000,445000000,379000000,408000000,388000000,472000000,437000000,431000000,454000000,494000000,487000000,534000000,537000000,582000000,564000000,605000000,610000000,621000000,602000000,566000000,590000000,624000000,623000000,592000000,683000000,655000000,627000000,654000000,632000000,851000000,716000000,854000000,856000000,822000000,839000000,993000000,1021000000,1003000000,980000000,1065000000,1056000000,1064000000,1163000000,1123000000,1113000000,1113000000,1154000000,1293000000,1284000000,1239000000,1315000000,1416000000,1461000000,1541000000,1515000000,1694000000,1663000000,1695000000,1660000000
operatingIncome,648000000,-443000000,966000000,881000000,822000000,869000000,1217000000,1122000000,1137000000,1113000000,1366000000,1383000000,1345000000,1362000000,1618000000,1606000000,-2607000000,1522000000,1800000000,1860000000,1828000000,1751000000,2077000000,2048000000,2020000000,1552000000,2238000000,2281000000,2262000000,2283000000,2396000000,2434000000,428000000,2625000000,3100000000,2808000000,3024000000,3212000000,3327000000,3336000000,2885000000,3406000000,3717000000,3641000000,3908000000,3735000000,4016000000,3924000000,2999000000,3142000000,3844000000,3581000000,4064000000,4315000000,4776000000,4802000000,4148000000,5087000000,5090000000,5336000000,5024000000,5550000000,5954000000
sellingGeneralAndAdministrative,193000000,234000000,143000000,150000000,325000000,396000000,294000000,315000000,364000000,350000000,307000000,278000000,365000000,334000000,292000000,276000000,354000000,402000000,299000000,303000000,360000000,365000000,294000000,365000000,354000000,394000000,331000000,331000000,361000000,396000000,350000000,350000000,435000000,530000000,404000000,599000000,451000000,528000000,459000000,483000000,470000000,721000000,552000000,505000000,597000000,647000000,587000000,504000000,432000000,544000000,408000000,569000000,472000000,672000000,522000000,639000000,602000000,767000000,654000000,591000000,611000000,815000000,633000000
researchAndDevelopment,None,None,None,None,None,None,None,None,None,None,None,None,None,None,None,None,None,None,None,None,None,None,None,None,None,None,None,None,None,None,None,None,None,None,None,None,None,None,None,None,None,None,None,None,None,None,None,None,None,None,None,None,None,None,None,None,None,None,None,None,None,None,None
operatingExpenses,571000000,271000000,405000000,402000000,494000000,593000000,424000000,455000000,517000000,551000000,435000000,425000000,523000000,526000000,442000000,438000000,537000000,596000000,479000000,492000000,564000000,596000000,476000000,549000000,545000000,272000000,451000000,456000000,491000000,515000000,470000000,471000000,555000000,671000000,550000000,730000000,583000000,675000000,604000000,636000000,622000000,884000000,711000000,665000000,762000000,819000000,769000000,696000000,629000000,740000000,605000000,770000000,676000000,874000000,720000000,846000000,832000000,993000000,881000000,825000000,846000000,1062000000,880000000
investmentIncomeNet,97000000,39000000,19000000,34000000,504000000,18000000,5000000,23000000,1000000,20000000,10000000,9000000,88000000,1000000,10000000,9000000,12000000,5000000,None,None,None,None,None,None,None,None,None,None,None,None,None,None,None,None,None,None,None,None,None,None,None,None,None,None,None,None,None,None,None,None,None,None,None,None,None,None,None,None,None,None,None,None,None
netInterestIncome,None,None,None,None,-30000000,-25000000,-16000000,-28000000,-13000000,-15000000,4000000,-12000000,-11000000,-13000000,-10000000,-7000000,-11000000,74000000,None,None,None,None,None,None,None,None,-3000000,-7000000,8000000,-1000000,-29000000,-132000000,-131000000,-135000000,-140000000,-135000000,-140000000,-148000000,-154000000,-153000000,-155000000,-150000000,-145000000,-140000000,-128000000,-120000000,-111000000,-118000000,-142000000,-145000000,-136000000,-121000000,-131000000,-125000000,-134000000,-134000000,-111000000,-159000000,-137000000,-142000000,-182000000,-183000000,-187000000
interestIncome,None,None,None,None,None,None,None,None,None,None,None,None,None,None,None,None,None,None,None,None,None,None,None,None,None,None,None,None,None,None,None,None,None,None,None,None,None,None,None,None,None,None,None,140000000,128000000,120000000,111000000,118000000,142000000,145000000,136000000,121000000,131000000,17000000,121000000,260000000,319000000,219000000,113000000,58000000,122000000,None,None
interestExpense,30000000,143000000,30000000,30000000,30000000,25000000,16000000,28000000,13000000,15000000,4000000,12000000,11000000,13000000,10000000,7000000,11000000,1000000,None,None,None,None,None,None,None,None,3000000,7000000,None,3000000,29000000,132000000,131000000,135000000,140000000,135000000,140000000,148000000,154000000,153000000,155000000,150000000,145000000,140000000,128000000,120000000,111000000,118000000,142000000,145000000,136000000,121000000,131000000,125000000,134000000,134000000,111000000,159000000,137000000,142000000,182000000,183000000,187000000
nonInterestIncome,None,None,None,None,None,None,None,None,None,None,None,None,None,None,None,None,None,None,None,None,None,None,None,None,None,None,None,None,None,None,None,None,145000000,None,None,None,None,None,None,None,None,None,5506000000,15000000,1000000,80000000,6058000000,5855000000,4837000000,-16596000000,5687000000,5729000000,6130000000,6741000000,7059000000,7189000000,7275000000,7938000000,7936000000,7985000000,8123000000,8584000000,8634000000
otherNonOperatingIncome,-1000000,0,-1000000,1000000,1000000,1000000,2000000,-4000000,-3000000,77000000,2000000,-3000000,121000000,4000000,-1000000,1000000,-1000000,4000000,1000000,-3000000,5000000,15000000,6000000,13000000,10000000,-2000000,27000000,8000000,-102000000,1000000,272000000,139000000,125000000,20000000,19000000,29000000,30000000,35000000,66000000,34000000,82000000,282000000,58000000,176000000,86000000,96000000,69000000,23000000,75000000,58000000,40000000,168000000,456000000,108000000,255000000,-126000000,-208000000,-60000000,24000000,84000000,304000000,269000000,275000000
depreciation,None,None,None,None,None,None,None,None,None,None,None,None,None,None,None,None,None,None,None,None,None,None,None,None,None,None,None,None,None,None,None,None,None,None,None,None,None,None,None,None,None,None,None,None,None,None,None,None,None,None,None,None,None,None,None,None,None,None,None,None,None,None,None
depreciationAndAmortization,57000000,59000000,52000000,56000000,57000000,61000000,62000000,62000000,63000000,78000000,67000000,70000000,74000000,77000000,80000000,80000000,84000000,89000000,92000000,98000000,101000000,106000000,107000000,107000000,109000000,112000000,120000000,125000000,130000000,119000000,120000000,121000000,120000000,141000000,146000000,131000000,132000000,147000000,145000000,153000000,152000000,163000000,159000000,160000000,165000000,172000000,182000000,192000000,197000000,196000000,197000000,201000000,204000000,202000000,198000000,207000000,230000000,226000000,227000000,234000000,235000000,247000000,247000000
incomeBeforeTax,714000000,-431000000,953000000,888000000,1297000000,863000000,1208000000,1114000000,1122000000,1196000000,1382000000,1378000000,1544000000,1356000000,1619000000,1609000000,-2607000000,1588000000,1801000000,1857000000,1833000000,1766000000,2083000000,2061000000,2030000000,1550000000,2262000000,2282000000,2168000000,2283000000,2639000000,2441000000,422000000,2510000000,2979000000,2702000000,2914000000,3099000000,3239000000,3217000000,2812000000,3538000000,3630000000,3677000000,3866000000,3711000000,3974000000,3829000000,2932000000,3055000000,3748000000,3628000000,4389000000,4298000000,4897000000,4542000000,3829000000,4868000000,4977000000,5278000000,5146000000,5636000000,6042000000
incomeTaxExpense,292000000,-75000000,379000000,352000000,568000000,349000000,445000000,401000000,406000000,422000000,498000000,497000000,539000000,476000000,590000000,317000000,-768000000,-74000000,508000000,587000000,608000000,574000000,676000000,463000000,670000000,477000000,693000000,732000000,471000000,771000000,698000000,734000000,10000000,579000000,909000000,2272000000,855000000,959000000,717000000,612000000,483000000,693000000,653000000,700000000,765000000,686000000,702000000,745000000,559000000,918000000,622000000,602000000,1814000000,714000000,938000000,895000000,418000000,928000000,798000000,1021000000,990000000,955000000,1152000000
interestAndDebtExpense,None,None,None,None,30000000,25000000,16000000,28000000,13000000,15000000,None,None,None,None,None,None,None,None,None,None,None,None,None,None,None,None,3000000,7000000,None,None,29000000,132000000,None,None,None,None,None,None,None,None,None,None,None,None,None,None,None,None,None,None,None,None,None,None,None,None,None,None,None,None,None,None,None
netIncomeFromContinuingOperations,None,None,None,None,1458000000,-1326000000,763000000,710000000,713000000,1113000000,884000000,880000000,1004000000,1362000000,1027000000,1292000000,-1828000000,3869000000,1293000000,1270000000,1225000000,1192000000,1407000000,1598000000,1360000000,1073000000,1569000000,1550000000,1697000000,1512000000,1941000000,1707000000,412000000,1931000000,2070000000,430000000,2059000000,2140000000,2522000000,2605000000,2329000000,2845000000,2977000000,2977000000,3101000000,3025000000,3272000000,3084000000,2373000000,2137000000,3126000000,3026000000,2575000000,3584000000,3959000000,3647000000,3411000000,176000000,4179000000,4257000000,4156000000,4681000000,4890000000
comprehensiveIncomeNetOfTax,418000000,-417000000,550000000,542000000,715000000,428000000,776000000,789000000,733000000,705000000,885000000,892000000,1008000000,840000000,1033000000,1288000000,-1838000000,1666000000,1327000000,1274000000,1242000000,1329000000,2836000000,3179000000,2678000000,-3293000000,1596000000,1571000000,1662000000,1442000000,1966000000,1660000000,-35000000,2016000000,1159000000,819000000,3157000000,2900000000,2847000000,3130000000,1342000000,2651000000,2698000000,2616000000,3297000000,2265000000,3607000000,2980000000,2538000000,2770000000,3926000000,2244000000,2804000000,3419000000,3451000000,3314000000,2549000000,176000000,5289000000,4526000000,4168000000,4342000000,5552000000
ebit,648000000,-443000000,966000000,881000000,1327000000,888000000,1224000000,1142000000,1135000000,1211000000,1366000000,1383000000,1345000000,1362000000,1618000000,1606000000,-2607000000,1522000000,1800000000,1860000000,1828000000,1751000000,2077000000,2048000000,2020000000,1552000000,2265000000,2289000000,2262000000,2283000000,2668000000,2573000000,428000000,2625000000,3100000000,2808000000,3024000000,3212000000,3327000000,3336000000,2885000000,3406000000,3717000000,3641000000,3908000000,3735000000,4016000000,3924000000,2999000000,3142000000,3844000000,3581000000,4064000000,4315000000,4776000000,4802000000,4148000000,5087000000,5090000000,5336000000,5024000000,5550000000,5954000000
ebitda,705000000,-384000000,1018000000,937000000,1384000000,949000000,1286000000,1204000000,1198000000,1289000000,1433000000,1453000000,1419000000,1439000000,1698000000,1686000000,-2523000000,1611000000,1892000000,1958000000,1929000000,1857000000,2184000000,2155000000,2129000000,1664000000,2385000000,2414000000,2392000000,2402000000,2788000000,2694000000,548000000,2766000000,3246000000,2939000000,3156000000,3359000000,3472000000,3489000000,3037000000,3569000000,3876000000,3801000000,4073000000,3907000000,4198000000,4116000000,3196000000,3338000000,4041000000,3782000000,4268000000,4517000000,4974000000,5009000000,4378000000,5313000000,5317000000,5570000000,5259000000,5797000000,6201000000
netIncome,422000000,-356000000,574000000,536000000,729000000,514000000,763000000,713000000,716000000,774000000,884000000,881000000,1005000000,880000000,1029000000,1292000000,-1839000000,1662000000,1293000000,1270000000,1225000000,1192000000,1407000000,1598000000,1360000000,1073000000,1569000000,1550000000,1697000000,1512000000,1941000000,1707000000,412000000,1931000000,2070000000,430000000,2059000000,2140000000,2522000000,2605000000,2329000000,2845000000,2977000000,2977000000,3101000000,3025000000,3272000000,3084000000,2373000000,2137000000,3126000000,3026000000,2575000000,3584000000,3959000000,3647000000,3411000000,3940000000,4179000000,4257000000,4156000000,4681000000,4890000000
