,2014-03-31,2014-06-30,2014-09-30,2014-12-31,2015-03-31,2015-06-30,2015-09-30,2015-12-31,2016-03-31,2016-06-30,2016-09-30,2016-12-31,2017-03-31,2017-06-30,2017-09-30,2017-12-31,2018-03-31,2018-06-30,2018-09-30,2018-12-31,2019-03-31,2019-06-30,2019-09-30,2019-12-31,2020-03-31,2020-06-30,2020-09-30,2020-12-31,2021-03-31,2021-06-30,2021-09-30,2021-12-31,2022-03-31,2022-06-30,2022-09-30,2022-12-31,2023-03-31,2023-06-30,2023-09-30,2023-12-31
Revenue,"2,078","2,098","2,108","2,258","2,041","2,117","2,014","2,161","1,891","2,226","1,965","2,116","1,978","2,080","2,058","2,180","2,093","2,693","2,524","2,627","2,457","2,466","2,340","2,479","2,266","1,923","2,117","2,414","2,335","2,492","2,502","2,717","2,492","2,674","2,478","2,521","2,447","2,433","2,499","2,586"
Revenue Growth (YoY),-4.68%,-7.04%,1.74%,0.89%,-1.78%,0.91%,-4.46%,-4.30%,-7.35%,5.15%,-2.43%,-2.08%,4.60%,-6.56%,4.73%,3.02%,5.81%,29.47%,22.64%,20.50%,17.39%,-8.43%,-7.29%,-5.63%,-7.77%,-22.02%,-9.53%,-2.62%,3.05%,29.59%,18.19%,12.55%,6.72%,7.30%,-0.96%,-7.21%,-1.81%,-9.01%,0.85%,2.58%
Cost of Revenue,"1,259","1,246","1,282","1,251","1,204","1,215","1,199","1,193","1,084","1,252","1,157","1,126","1,101","1,145","1,149","1,139","1,151","1,465","1,340","1,484","1,400","1,415","1,338","1,351","1,283","1,028","1,164","1,198","1,186","1,283","1,244","1,279","1,246","1,355","1,273","1,294","1,286","1,271","1,273","1,281"
Gross Profit,819,852,826,"1,007",837,902,815,968,807,974,808,990,877,935,909,"1,041",942,"1,228","1,184","1,143","1,057","1,051","1,002","1,128",983,895,953,"1,216","1,149","1,209","1,258","1,438","1,246","1,319","1,205","1,227","1,161","1,162","1,226","1,305"
"Selling, General & Admin",644,532,632,655,653,687,650,688,649,735,678,665,662,723,661,713,761,914,826,773,810,782,781,773,741,700,685,719,851,999,848,852,888,"1,004",855,818,841,821,862,832
Other Operating Expenses,152,152,128,144,134,176,138,145,430,-119,140,476,142,618,112,112,346,253,181,182,202,282,459,191,"1,285",539,204,190,203,251,187,191,209,210,200,193,208,263,209,192
Operating Expenses,796,684,760,799,787,863,788,833,"1,079",616,818,"1,141",804,"1,341",773,825,"1,107","1,167","1,007",955,"1,012","1,064","1,240",964,"2,026","1,239",889,909,"1,054","1,250","1,035","1,043","1,097","1,214","1,055","1,011","1,049","1,084","1,071","1,024"
Operating Income,23,168,66,208,50,39,27,135,-272,358,-10,-151,73,-406,136,216,-165,61,177,188,45,-13,-238,164,"-1,043",-344,64,307,95,-41,223,395,149,105,150,216,112,78,155,281
Interest Expense / Income,17,18,17,13,12,14,12,11,11,9,7,15,8,-69,-6,-1,-2,16,16,15,14,14,-4,8,9,12,8,12,12,21,22,21,25,31,27,26,25,22,23,25
Other Expense / Income,-43,65,-63,-13,-10,355,-69,12,-36,173,-1,155,25,76,20,65,962,353,10,23,14,10,14,19,-312,41,-3,-21,-39,44,-66,40,13,111,48,62,5,49,65,6
Pretax Income,49,85,112,208,48,-330,84,112,-247,176,-16,-321,40,-413,122,152,"-1,125",-308,151,150,17,-37,-248,137,-740,-397,59,316,122,-106,267,334,111,-37,75,128,82,7,67,250
Income Tax,1,72,47,65,25,48,-91,49,-98,86,-1,-32,45,16,54,235,3,63,50,55,7,14,-21,52,-10,0,25,85,43,-92,71,99,29,-147,35,61,32,15,37,94
Net Income,48,13,65,143,23,-378,175,63,-149,90,-15,-289,-5,-429,68,-83,"-1,128",-371,101,95,10,-51,-227,85,-730,-397,34,231,79,-14,196,235,82,110,40,67,50,-8,30,156
Net Income Growth,-85.14%,-,140.74%,-5.30%,-52.08%,-,169.23%,-55.94%,-,-,-,-,-,-,-,-,-,-,48.53%,-,-,-,-,-10.53%,-,-,-,171.76%,-,-,476.47%,1.73%,3.80%,-,-79.59%,-71.49%,-39.02%,-,-25.00%,132.84%
Shares Outstanding (Basic),579,579,579,580,581,583,581,581,580,580,580,581,581,582,582,583,583,583,583,585,585,585,585,588,588,588,589,591,591,591,591,593,589,586,581,576,576,573,571,572
Shares Change,0.03%,0.03%,0.04%,0.21%,0.30%,0.72%,0.28%,0.19%,-0.05%,-0.55%,-0.08%,0.03%,0.18%,0.32%,0.30%,0.22%,0.21%,0.19%,0.19%,0.38%,0.38%,0.39%,0.39%,0.57%,0.57%,0.57%,0.57%,0.41%,0.42%,0.40%,0.38%,0.35%,-0.23%,-0.86%,-1.59%,-2.88%,-2.33%,-2.10%,-1.72%,-0.62%
EPS (Basic),0.08,0.02,0.11,0.24,0.04,-0.66,0.30,0.11,-0.26,0.15,-0.03,-0.50,-0.01,-0.74,0.12,-0.14,-1.94,-0.64,0.17,0.16,0.02,-0.08,-0.39,0.15,-1.24,-0.68,0.06,0.39,0.13,-0.02,0.33,0.40,0.14,0.19,0.07,0.12,0.09,-0.01,0.05,0.27
EPS (Diluted),0.08,0.02,0.11,0.24,0.04,-0.66,0.30,0.11,-0.26,0.15,-0.03,-0.50,-0.01,-0.74,0.12,-0.14,-1.94,-0.64,0.17,0.16,0.02,-0.09,-0.39,0.14,-1.24,-0.68,0.06,0.39,0.13,-0.02,0.33,0.40,0.14,0.19,0.07,0.12,0.09,-0.01,0.05,0.27
EPS Growth,-85.71%,-,120.00%,-7.69%,-50.00%,-,172.73%,-54.17%,-,-,-,-,-,-,-,-,-,-,41.67%,-,-,-,-,-12.50%,-,-,-,178.57%,-,-,450.00%,2.56%,7.69%,-,-78.79%,-70.00%,-35.71%,-,-28.57%,125.00%
Free Cash Flow,299,112,126,268,214,97,78,148,117,320,-296,248,331,226,-66,157,311,129,-20,146,167,166,-87,52,165,248,64,249,518,40,-35,255,493,145,-131,83,419,288,-179,248
Free Cash Flow Per Share,0.52,0.19,0.22,0.46,0.37,0.17,0.13,0.26,0.20,0.55,-0.51,0.43,0.57,0.39,-0.11,0.27,0.53,0.22,-0.03,0.25,0.28,0.28,-0.15,0.09,0.28,0.42,0.11,0.42,0.88,0.07,-0.06,0.43,0.84,0.25,-0.23,0.14,0.73,0.50,-0.31,0.43
Dividend Per Share,-,-,-,-,-,-,0.100,-,0.100,-,0.100,-,0.100,-,0.100,-,0.100,-,0.100,-,0.100,-,0.100,-,0.100,-,0.100,-,0.100,-,0.100,-,0.100,-,0.100,-,0.100,-,0.100,-
Gross Margin,39.41%,40.61%,39.18%,44.60%,41.01%,42.61%,40.47%,44.79%,42.68%,43.76%,41.12%,46.79%,44.34%,44.95%,44.17%,47.75%,45.01%,45.60%,46.91%,43.51%,43.02%,42.62%,42.82%,45.50%,43.38%,46.54%,45.02%,50.37%,49.21%,48.52%,50.28%,52.93%,50.00%,49.33%,48.63%,48.67%,47.45%,47.76%,49.06%,50.46%
Operating Margin,1.11%,8.01%,3.13%,9.21%,2.45%,1.84%,1.34%,6.25%,-14.38%,16.08%,-0.51%,-7.14%,3.69%,-19.52%,6.61%,9.91%,-7.88%,2.27%,7.01%,7.16%,1.83%,-0.53%,-10.17%,6.62%,-46.03%,-17.89%,3.02%,12.72%,4.07%,-1.65%,8.91%,14.54%,5.98%,3.93%,6.05%,8.57%,4.58%,3.21%,6.20%,10.87%
Profit Margin,2.31%,0.62%,3.08%,6.33%,1.13%,-17.86%,8.69%,2.92%,-7.88%,4.04%,-0.76%,-13.66%,-0.25%,-20.63%,3.30%,-3.81%,-53.89%,-13.78%,4.00%,3.62%,0.41%,-2.07%,-9.70%,3.43%,-32.22%,-20.64%,1.61%,9.57%,3.38%,-0.56%,7.83%,8.65%,3.29%,4.11%,1.61%,2.66%,2.04%,-0.33%,1.20%,6.03%
Free Cash Flow Margin,14.39%,5.34%,5.98%,11.87%,10.49%,4.58%,3.87%,6.85%,6.19%,14.38%,-15.06%,11.72%,16.73%,10.87%,-3.21%,7.20%,14.86%,4.79%,-0.79%,5.56%,6.80%,6.73%,-3.72%,2.10%,7.28%,12.90%,3.02%,10.31%,22.18%,1.61%,-1.40%,9.39%,19.78%,5.42%,-5.29%,3.29%,17.12%,11.84%,-7.16%,9.59%
Effective Tax Rate,2.04%,84.71%,41.96%,31.25%,52.08%,-,-108.33%,43.75%,-,48.86%,-,-,112.50%,-,44.26%,154.61%,-,-,33.11%,36.67%,41.18%,-,-,37.96%,-,-,42.37%,26.90%,35.25%,-,26.59%,29.64%,26.13%,-,46.67%,47.66%,39.02%,214.29%,55.22%,37.60%
EBITDA,208,234,253,348,184,-193,217,246,-110,320,111,-186,157,-382,213,251,"-1,027",-117,330,328,199,142,-90,307,-571,-225,231,495,307,91,454,523,308,177,281,328,290,207,261,454
EBITDA Margin,10.01%,11.15%,12.00%,15.41%,9.02%,-9.12%,10.77%,11.38%,-5.82%,14.38%,5.65%,-8.79%,7.94%,-18.37%,10.35%,11.51%,-49.07%,-4.34%,13.07%,12.49%,8.10%,5.76%,-3.85%,12.38%,-25.20%,-11.70%,10.91%,20.51%,13.15%,3.65%,18.15%,19.25%,12.36%,6.62%,11.34%,13.01%,11.85%,8.51%,10.44%,17.56%
Depreciation & Amortization,142,131,124,127,124,123,121,123,126,135,120,120,109,100,97,100,100,175,163,163,168,165,162,162,160,160,164,167,173,176,165,168,172,183,179,174,183,178,171,179
EBIT,66,103,129,221,60,-316,96,123,-236,185,-9,-306,48,-482,116,151,"-1,127",-292,167,165,31,-23,-252,145,-731,-385,67,328,134,-85,289,355,136,-6,102,154,107,29,90,275
EBIT Margin,3.18%,4.91%,6.12%,9.79%,2.94%,-14.93%,4.77%,5.69%,-12.48%,8.31%,-0.46%,-14.46%,2.43%,-23.17%,5.64%,6.93%,-53.85%,-10.84%,6.62%,6.28%,1.26%,-0.93%,-10.77%,5.85%,-32.26%,-20.02%,3.16%,13.59%,5.74%,-3.41%,11.55%,13.07%,5.46%,-0.22%,4.12%,6.11%,4.37%,1.19%,3.60%,10.63%
