,2013-12-31,2014-03-31,2014-06-30,2014-09-30,2014-12-31,2015-03-31,2015-06-30,2015-09-30,2015-12-31,2016-03-31,2016-06-30,2016-09-30,2016-12-31,2017-03-31,2017-06-30,2017-09-30,2017-12-31,2018-03-31,2018-06-30,2018-09-30,2018-12-31,2019-03-31,2019-06-30,2019-09-30,2019-12-31,2020-03-31,2020-06-30,2020-09-30,2020-12-31,2021-03-31,2021-06-30,2021-09-30,2021-12-31,2022-03-31,2022-06-30,2022-09-30,2022-12-31,2023-03-31,2023-06-30,2023-09-30
Revenue,"11,138","11,135","12,117","12,066","10,290","8,185","9,145","8,334","7,071","6,743","7,328","7,365","7,747","8,430","8,403","8,516","9,135","9,767","10,206","10,155","8,876","8,778","9,048","8,722","8,179","7,494","5,546","6,776","7,937","9,082","11,561","12,700","12,830","13,157","14,838","12,250","10,206","10,247","10,306","10,625"
Revenue Growth (YoY),0.37%,4.37%,9.13%,8.20%,-7.61%,-26.49%,-24.53%,-30.93%,-31.28%,-17.62%,-19.87%,-11.63%,9.56%,25.02%,14.67%,15.63%,17.92%,15.86%,21.46%,19.25%,-2.84%,-10.13%,-11.35%,-14.11%,-7.85%,-14.63%,-38.70%,-22.31%,-2.96%,21.19%,108.46%,87.43%,61.65%,44.87%,28.35%,-3.54%,-20.45%,-22.12%,-30.54%,-13.27%
Cost of Revenue,"9,601","9,577","10,255","10,118","8,989","6,379","7,047","6,465","5,792","5,166","5,702","5,903","6,420","6,991","6,601","6,939","7,528","8,012","8,290","8,499","7,728","7,446","7,542","7,269","7,044","6,868","4,894","5,885","6,712","7,678","8,676","10,109","10,934","11,136","12,267","11,088","9,356","8,864","8,868","9,177"
Gross Profit,"1,537","1,558","1,862","1,948","1,301","1,806","2,098","1,869","1,279","1,577","1,626","1,462","1,327","1,439","1,802","1,577","1,607","1,755","1,916","1,656","1,148","1,332","1,506","1,453","1,135",626,652,891,"1,225","1,404","2,885","2,591","1,896","2,021","2,571","1,162",850,"1,383","1,438","1,448"
"Selling, General & Admin",229,186,215,211,194,205,228,194,201,193,199,188,253,204,200,218,237,233,261,309,326,287,302,303,307,295,288,259,298,287,327,313,328,328,329,319,334,385,395,378
Research & Development,44,32,34,31,30,26,25,25,26,24,24,25,26,25,25,27,29,28,29,30,28,28,27,26,30,27,25,27,34,29,32,30,33,32,32,31,29,33,32,31
Other Operating Expenses,0,0,0,0,0,0,0,0,0,0,0,0,0,0,0,0,0,0,0,0,0,0,0,0,0,0,0,582,0,0,0,0,624,0,69,0,0,252,0,25
Operating Expenses,273,218,249,242,224,231,253,219,227,217,223,213,279,229,225,245,266,261,290,339,354,315,329,329,337,322,313,868,332,316,359,343,985,360,430,350,363,670,427,434
Operating Income,"1,264","1,340","1,613","1,706","1,077","1,575","1,845","1,650","1,052","1,360","1,403","1,249","1,048","1,210","1,577","1,332","1,341","1,494","1,626","1,317",794,"1,017","1,177","1,124",798,304,339,23,893,"1,088","2,526","2,248",911,"1,661","2,141",812,487,713,"1,011","1,014"
Interest Expense / Income,87,92,96,92,72,69,79,85,77,82,83,72,85,207,95,94,95,91,91,90,88,92,81,86,88,89,125,122,190,110,130,126,153,74,58,70,85,116,115,125
Other Expense / Income,-27,-80,-86,-78,-86,-100,-105,-107,-82,-184,-117,-101,-82,-109,-108,-199,-92,-131,-98,-118,-85,-95,-76,-63,-42,-4,-68,-88,-191,-162,-169,-92,-103,-49,61,16,15,-44,-7,-11
Pretax Income,"1,204","1,328","1,603","1,692","1,091","1,606","1,871","1,672","1,057","1,462","1,437","1,278","1,045","1,112","1,590","1,437","1,338","1,534","1,633","1,345",791,"1,020","1,172","1,101",752,219,282,-11,894,"1,140","2,565","2,214",861,"1,636","2,022",726,387,641,903,900
Income Tax,30,383,425,434,298,440,541,487,262,432,346,326,282,315,459,380,-556,303,-21,232,99,203,169,136,140,75,-32,-125,39,70,506,452,135,316,378,154,34,167,188,153
Net Income,"1,174",945,"1,178","1,258",793,"1,166","1,330","1,185",795,"1,030","1,091",952,763,797,"1,131","1,057","1,894","1,231","1,654","1,113",692,817,"1,003",965,612,144,314,114,855,"1,070","2,059","1,762",726,"1,320","1,644",572,353,474,715,747
Preferred Dividends,0,0,0,0,0,0,0,0,0,0,0,0,0,0,0,0,0,0,0,0,2,2,1,2,2,2,1,2,2,2,1,2,2,2,1,2,2,2,1,2
Net Income Common,"1,174",945,"1,178","1,258",793,"1,166","1,330","1,185",795,"1,030","1,091",952,763,797,"1,131","1,057","1,894","1,231","1,654","1,113",690,815,"1,002",963,610,142,313,112,853,"1,068","2,058","1,760",724,"1,318","1,643",570,351,472,714,745
Net Income Growth,85.76%,4.88%,26.80%,47.48%,-32.45%,23.39%,12.90%,-5.80%,0.25%,-11.66%,-17.97%,-19.66%,-4.03%,-22.62%,3.67%,11.03%,148.23%,54.45%,46.24%,5.30%,-63.57%,-33.79%,-39.42%,-13.48%,-11.59%,-82.58%,-68.76%,-88.37%,39.84%,652.11%,557.51%,1471.43%,-15.12%,23.41%,-20.17%,-67.61%,-51.52%,-64.19%,-56.54%,30.70%
Shares Outstanding (Basic),554,547,527,512,501,477,473,466,449,432,427,416,408,403,403,396,394,395,392,389,384,371,370,335,333,334,334,334,334,334,334,335,333,328,328,326,326,326,325,324
Shares Change,-3.75%,-5.00%,-8.38%,-9.66%,-9.57%,-12.70%,-10.24%,-9.07%,-10.23%,-9.42%,-9.84%,-10.77%,-9.33%,-6.86%,-5.61%,-4.79%,-3.21%,-1.98%,-2.67%,-1.64%,-2.74%,-5.93%,-5.55%,-13.89%,-13.10%,-10.13%,-9.89%,-0.42%,0.15%,0.17%,0.19%,0.20%,-0.34%,-1.83%,-2.01%,-2.48%,-2.15%,-0.62%,-0.72%,-0.62%
EPS (Basic),2.11,1.73,2.25,2.46,1.62,2.42,2.82,2.56,1.82,2.38,2.57,2.30,1.90,1.98,2.82,2.67,4.77,3.12,4.23,2.86,1.84,2.19,2.70,2.85,1.87,0.42,0.94,0.33,2.55,3.19,6.14,5.25,2.19,4.01,5.00,1.75,1.08,1.45,2.18,2.29
EPS (Diluted),2.09,1.72,2.23,2.45,1.61,2.41,2.82,2.54,1.82,2.37,2.56,2.30,1.90,1.98,2.81,2.67,4.77,3.11,4.22,2.85,1.83,2.19,2.70,2.85,1.86,0.42,0.94,0.33,2.55,3.18,6.13,5.25,2.18,4.00,4.98,1.75,1.07,1.44,2.18,2.29
EPS Growth,91.74%,10.97%,38.51%,63.33%,-22.97%,40.12%,26.46%,3.67%,13.04%,-1.66%,-9.22%,-9.45%,4.40%,-16.46%,9.77%,16.09%,151.05%,57.07%,50.18%,6.74%,-61.64%,-29.58%,-36.02%,0%,1.64%,-80.82%,-65.19%,-88.42%,37.10%,657.14%,552.13%,1490.91%,-14.51%,25.79%,-18.76%,-66.67%,-50.92%,-64.00%,-56.22%,30.86%
Free Cash Flow,"1,314",458,"1,382","1,096","1,613","1,162","1,168","1,395",677,773,698,746,"1,146",257,"1,153","1,168","1,081",577,"1,231",959,599,58,564,"1,134",511,-118,704,402,469,231,"1,471","1,629","2,405","1,056","1,067",975,"1,131",130,989,"1,272"
Free Cash Flow Per Share,2.37,0.84,2.62,2.14,3.22,2.44,2.47,2.99,1.51,1.79,1.64,1.79,2.81,0.64,2.86,2.95,2.74,1.46,3.14,2.46,1.56,0.16,1.52,3.38,1.53,-0.35,2.11,1.20,1.41,0.69,4.40,4.87,7.23,3.22,3.26,2.99,3.47,0.40,3.04,3.92
Dividend Per Share,0.600,0.600,0.700,0.700,0.700,0.700,0.780,0.780,0.780,0.780,0.850,0.850,0.850,0.850,0.900,0.900,0.900,1.000,1.000,1.000,1.000,16.000,1.050,1.050,1.050,1.050,1.050,1.050,1.050,1.050,1.130,1.130,1.130,1.130,6.390,1.190,1.190,1.190,1.250,1.250
Dividend Growth,50.00%,50.00%,40.00%,40.00%,16.67%,16.67%,11.43%,11.43%,11.43%,11.43%,8.97%,8.97%,8.97%,8.97%,5.88%,5.88%,5.88%,17.65%,11.11%,11.11%,11.11%,1500.00%,5.00%,5.00%,5.00%,-93.44%,0%,0%,0%,0%,7.62%,7.62%,7.62%,7.62%,465.49%,5.31%,5.31%,5.31%,-80.44%,5.04%
Gross Margin,13.80%,13.99%,15.37%,16.14%,12.64%,22.06%,22.94%,22.43%,18.09%,23.39%,22.19%,19.85%,17.13%,17.07%,21.44%,18.52%,17.59%,17.97%,18.77%,16.31%,12.93%,15.17%,16.64%,16.66%,13.88%,8.35%,11.76%,13.15%,15.43%,15.46%,24.95%,20.40%,14.78%,15.36%,17.33%,9.49%,8.33%,13.50%,13.95%,13.63%
Operating Margin,11.35%,12.03%,13.31%,14.14%,10.47%,19.24%,20.17%,19.80%,14.88%,20.17%,19.15%,16.96%,13.53%,14.35%,18.77%,15.64%,14.68%,15.30%,15.93%,12.97%,8.95%,11.59%,13.01%,12.89%,9.76%,4.06%,6.11%,0.34%,11.25%,11.98%,21.85%,17.70%,7.10%,12.62%,14.43%,6.63%,4.77%,6.96%,9.81%,9.54%
Profit Margin,10.54%,8.49%,9.72%,10.43%,7.71%,14.25%,14.54%,14.22%,11.24%,15.28%,14.89%,12.93%,9.85%,9.45%,13.46%,12.41%,20.73%,12.60%,16.21%,10.96%,7.77%,9.28%,11.07%,11.04%,7.46%,1.89%,5.64%,1.65%,10.75%,11.76%,17.80%,13.86%,5.64%,10.02%,11.07%,4.65%,3.44%,4.61%,6.93%,7.01%
Free Cash Flow Margin,11.80%,4.11%,11.41%,9.08%,15.68%,14.20%,12.77%,16.74%,9.57%,11.46%,9.53%,10.13%,14.79%,3.05%,13.72%,13.72%,11.83%,5.91%,12.06%,9.44%,6.75%,0.66%,6.23%,13.00%,6.25%,-1.57%,12.69%,5.93%,5.91%,2.54%,12.72%,12.83%,18.75%,8.03%,7.19%,7.96%,11.08%,1.27%,9.60%,11.97%
Effective Tax Rate,2.49%,28.84%,26.51%,25.65%,27.31%,27.40%,28.92%,29.13%,24.79%,29.55%,24.08%,25.51%,26.99%,28.33%,28.87%,26.44%,-41.55%,19.75%,-1.29%,17.25%,12.52%,19.90%,14.42%,12.35%,18.62%,34.25%,-11.35%,-,4.36%,6.14%,19.73%,20.42%,15.68%,19.32%,18.69%,21.21%,8.79%,26.05%,20.82%,17.00%
EBITDA,"1,543","1,676","1,953","2,046","1,410","1,962","2,197","2,005","1,399","1,812","1,786","1,607","1,403","1,615","1,971","1,825","1,731","1,924","2,024","1,744","1,212","1,434","1,581","1,514","1,175",650,763,469,"1,413","1,585","3,025","2,691","1,391","2,021","2,384","1,114",806,"1,153","1,409","1,392"
EBITDA Margin,13.85%,15.05%,16.12%,16.96%,13.70%,23.97%,24.02%,24.06%,19.79%,26.87%,24.37%,21.82%,18.11%,19.16%,23.46%,21.43%,18.95%,19.70%,19.83%,17.17%,13.65%,16.34%,17.47%,17.36%,14.37%,8.67%,13.76%,6.92%,17.80%,17.45%,26.17%,21.19%,10.84%,15.36%,16.07%,9.09%,7.90%,11.25%,13.67%,13.10%
Depreciation & Amortization,252,256,254,262,247,287,247,248,265,268,266,257,273,296,286,294,298,299,300,309,333,322,328,327,335,342,356,358,329,335,330,351,377,311,304,318,334,396,391,367
EBIT,"1,291","1,420","1,699","1,784","1,163","1,675","1,950","1,757","1,134","1,544","1,520","1,350","1,130","1,319","1,685","1,531","1,433","1,625","1,724","1,435",879,"1,112","1,253","1,187",840,308,407,111,"1,084","1,250","2,695","2,340","1,014","1,710","2,080",796,472,757,"1,018","1,025"
EBIT Margin,11.59%,12.75%,14.02%,14.79%,11.30%,20.46%,21.32%,21.08%,16.04%,22.90%,20.74%,18.33%,14.59%,15.65%,20.05%,17.98%,15.69%,16.64%,16.89%,14.13%,9.90%,12.67%,13.85%,13.61%,10.27%,4.11%,7.34%,1.64%,13.66%,13.76%,23.31%,18.43%,7.90%,13.00%,14.02%,6.50%,4.62%,7.39%,9.88%,9.65%
