,2014-03-31,2014-06-30,2014-09-30,2014-12-31,2015-03-31,2015-06-30,2015-09-30,2015-12-31,2016-03-31,2016-06-30,2016-09-30,2016-12-31,2017-03-31,2017-06-30,2017-09-30,2017-12-31,2018-03-31,2018-06-30,2018-09-30,2018-12-31,2019-03-31,2019-06-30,2019-09-30,2019-12-31,2020-03-31,2020-06-30,2020-09-30,2020-12-31,2021-03-31,2021-06-30,2021-09-30,2021-12-31,2022-03-31,2022-06-30,2022-09-30,2022-12-31,2023-03-31,2023-06-30,2023-09-30,2023-12-31
Revenue,"3,897","4,062","3,762","3,778","3,797","3,858","3,631",-422,"4,051","4,206","4,091",-74,"3,143","3,153","3,148","3,440","3,630","3,684","3,485","3,636","3,575","3,627","3,559","3,596","3,226","1,960","3,668","4,212","4,023","3,807","3,654","4,134","4,178","4,057","4,614","4,640","4,818","5,200","5,114","4,919"
Revenue Growth (YoY),-3.16%,-4.20%,-6.35%,36.39%,-2.57%,-5.02%,-3.48%,-,6.69%,9.02%,12.67%,-,-22.41%,-25.04%,-23.05%,-,15.49%,16.84%,10.71%,5.70%,-1.52%,-1.55%,2.12%,-1.10%,-9.76%,-45.96%,3.06%,17.13%,24.71%,94.23%,-0.38%,-1.85%,3.85%,6.57%,26.27%,12.24%,15.32%,28.17%,10.84%,6.01%
Cost of Revenue,"3,164","3,262","3,041","3,004","3,056","3,076","2,862",-303,"3,262","3,346","3,253",-334,"2,544","2,498","2,498","2,730","2,947","2,958","2,834","2,967","2,962","2,958","2,882","2,909","2,725","1,947","3,021","3,433","3,296","3,205","3,138","3,543","3,589","3,617","3,821","3,827","4,058","4,336","4,221","3,997"
Gross Profit,733,800,721,774,741,782,769,-119,789,860,838,260,599,655,650,710,683,726,651,669,613,669,677,687,501,13,647,779,727,602,516,591,589,440,793,813,760,864,893,922
"Selling, General & Admin",248,261,259,268,255,261,249,38,277,278,278,91,225,231,230,266,259,260,232,242,256,260,262,298,252,217,229,278,255,266,263,291,274,286,275,303,342,353,360,381
Other Operating Expenses,62,77,70,50,40,40,70,43,68,188,166,-142,81,60,47,58,50,45,96,72,60,74,95,65,"-1,370",107,54,55,43,51,38,40,98,57,48,70,71,101,87,186
Operating Expenses,310,338,329,318,295,301,319,81,345,466,444,-51,306,291,277,324,309,305,328,314,316,334,357,363,"-1,118",324,283,333,298,317,301,331,372,343,323,373,413,454,447,567
Operating Income,423,462,392,456,446,481,450,-200,444,394,394,311,293,364,373,386,374,421,323,355,297,335,320,324,"1,619",-311,364,446,429,285,215,260,217,97,470,440,347,410,446,355
Interest Expense / Income,35,33,33,34,32,30,30,32,41,41,41,32,33,35,35,37,34,36,34,37,38,43,42,41,43,44,38,39,40,38,36,36,43,56,58,62,67,72,75,71
Other Expense / Income,-1,-9,-2,4,144,-274,-45,-383,-97,11,3,47,-94,-78,-88,-42,-26,11,1,29,-14,-13,-6,23,-6,25,29,53,46,56,53,193,64,70,52,104,84,66,54,59
Pretax Income,389,438,361,418,270,725,465,151,500,342,350,232,354,407,426,391,366,374,288,289,273,305,284,260,"1,582",-380,297,354,343,191,126,31,110,-29,360,274,196,272,317,225
Income Tax,69,56,56,74,61,80,61,-41,75,84,57,-49,19,38,31,135,59,83,66,42,33,31,38,30,10,-14,-2,55,48,28,25,0,21,16,59,25,34,30,"-1,312",-680
Net Income,320,382,305,344,209,645,404,192,425,258,293,281,335,369,395,256,307,291,222,247,240,274,246,230,"1,572",-366,299,299,295,163,101,31,89,-45,301,249,162,242,"1,629",905
Preferred Dividends,0,0,0,0,0,0,0,0,0,0,0,0,0,0,0,0,0,0,0,0,0,0,0,0,0,3,16,16,16,16,15,16,16,16,15,16,16,13,0,0
Net Income Common,320,382,305,344,209,645,404,192,425,258,293,281,335,369,395,256,307,291,222,247,240,274,246,230,"1,572",-369,283,283,279,147,86,15,73,-61,286,233,146,229,"1,629",905
Net Income Growth,15.94%,4.09%,12.55%,15.44%,-34.69%,68.85%,32.46%,-44.19%,103.35%,-60.00%,-27.48%,46.35%,-21.18%,43.02%,34.81%,-8.90%,-8.36%,-21.14%,-43.80%,-3.52%,-21.82%,-5.84%,10.81%,-6.88%,555.00%,-,15.04%,23.04%,-82.25%,-,-69.61%,-94.70%,-73.84%,-,232.56%,1453.33%,100.00%,-,469.58%,288.41%
Shares Outstanding (Basic),306,303,299,294,291,288,283,279,277,273,272,270,269,267,266,266,266,265,265,263,259,257,256,255,256,258,270,270,270,270,271,271,271,271,271,271,271,273,283,281
Shares Outstanding (Diluted),307,304,300,297,292,289,284,282,277,273,273,272,270,268,267,267,266,265,265,264,260,257,256,256,256,258,270,281,271,271,271,271,271,271,271,271,271,273,283,281
Shares Change,-2.69%,-2.86%,-3.37%,-3.79%,-4.91%,-4.90%,-5.24%,-5.16%,-5.06%,-5.36%,-4.09%,-3.53%,-2.71%,-1.95%,-2.06%,-1.55%,-1.15%,-0.95%,-0.68%,-1.41%,-2.59%,-3.10%,-3.35%,-2.78%,-1.43%,0.37%,5.44%,9.77%,5.98%,4.98%,0.30%,-3.53%,0.01%,-0.05%,-0.04%,-0.01%,0.00%,0.68%,4.39%,3.60%
EPS (Basic),1.05,1.26,1.02,1.17,0.72,2.24,1.43,0.70,1.54,0.95,1.08,1.04,1.24,1.38,1.48,0.96,1.16,1.10,0.84,0.95,0.93,1.07,0.96,0.90,6.15,-1.43,1.05,1.03,1.03,0.54,0.32,0.06,0.27,-0.23,1.06,0.86,0.54,0.84,5.76,3.23
EPS (Diluted),1.04,1.26,1.02,1.16,0.72,2.23,1.42,0.70,1.53,0.94,1.07,1.03,1.24,1.38,1.48,0.96,1.15,1.10,0.84,0.93,0.92,1.07,0.96,0.90,6.14,-1.43,1.05,1.03,1.03,0.54,0.32,0.05,0.27,-0.23,1.05,0.86,0.54,0.84,5.76,3.22
EPS Growth,18.18%,7.69%,17.24%,19.59%,-30.77%,76.98%,39.22%,-39.66%,112.50%,-57.85%,-24.65%,47.14%,-18.95%,46.81%,38.32%,-6.80%,-7.26%,-20.29%,-43.24%,-3.12%,-20.00%,-2.73%,14.29%,-3.23%,567.39%,-,9.38%,14.44%,-83.22%,-,-69.52%,-95.15%,-73.79%,-,228.13%,1620.00%,100.00%,-,448.57%,274.42%
Free Cash Flow,-136,482,315,695,-78,387,160,731,28,403,213,640,126,452,-18,210,-88,339,-41,572,-151,296,157,555,-44,-273,448,708,119,171,-163,493,-447,-111,225,756,-278,316,534,422
Free Cash Flow Per Share,-0.45,1.59,1.05,2.36,-0.27,1.34,0.56,2.62,0.10,1.48,0.78,2.37,0.47,1.69,-0.07,0.79,-0.33,1.28,-0.15,2.18,-0.58,1.15,0.61,2.17,-0.17,-1.06,1.66,2.62,0.44,0.63,-0.60,1.82,-1.65,-0.41,0.83,2.79,-1.03,1.16,1.89,1.50
Dividend Per Share,0.250,0.250,0.250,0.250,0.250,0.250,0.250,0.250,0.290,0.290,0.290,0.290,0.290,0.290,0.290,0.290,0.220,0.220,0.220,0.220,0.220,0.220,0.220,0.220,0.220,-,-,-,-,-,-,-,-,-,-,-,-,-,-,-
Dividend Growth,47.06%,47.06%,47.06%,47.06%,0%,0%,0%,0%,16.00%,16.00%,16.00%,16.00%,0%,0%,0%,0%,-24.14%,-24.14%,-24.14%,-24.14%,0%,0%,0%,0%,0%,-,-,-,-,-,-,-,-,-,-,-,-,-,-,-
Gross Margin,18.81%,19.69%,19.17%,20.49%,19.52%,20.27%,21.18%,-,19.48%,20.45%,20.48%,-,19.06%,20.77%,20.65%,20.64%,18.82%,19.71%,18.68%,18.40%,17.15%,18.44%,19.02%,19.10%,15.53%,0.66%,17.64%,18.49%,18.07%,15.81%,14.12%,14.30%,14.10%,10.85%,17.19%,17.52%,15.77%,16.62%,17.46%,18.74%
Operating Margin,10.85%,11.37%,10.42%,12.07%,11.75%,12.47%,12.39%,-,10.96%,9.37%,9.63%,-,9.32%,11.54%,11.85%,11.22%,10.30%,11.43%,9.27%,9.76%,8.31%,9.24%,8.99%,9.01%,50.19%,-15.87%,9.92%,10.59%,10.66%,7.49%,5.88%,6.29%,5.19%,2.39%,10.19%,9.48%,7.20%,7.88%,8.72%,7.22%
Profit Margin,8.21%,9.40%,8.11%,9.11%,5.50%,16.72%,11.13%,-,10.49%,6.13%,7.16%,-,10.66%,11.70%,12.55%,7.44%,8.46%,7.90%,6.37%,6.79%,6.71%,7.55%,6.91%,6.40%,48.73%,-18.83%,7.72%,6.72%,6.94%,3.86%,2.35%,0.36%,1.75%,-1.50%,6.20%,5.02%,3.03%,4.40%,31.85%,18.40%
Free Cash Flow Margin,-3.49%,11.87%,8.37%,18.40%,-2.05%,10.03%,4.41%,-,0.69%,9.58%,5.21%,-,4.01%,14.34%,-0.57%,6.10%,-2.42%,9.20%,-1.18%,15.73%,-4.22%,8.16%,4.41%,15.43%,-1.36%,-13.93%,12.21%,16.81%,2.96%,4.49%,-4.46%,11.93%,-10.70%,-2.74%,4.88%,16.29%,-5.77%,6.08%,10.44%,8.58%
Effective Tax Rate,17.74%,12.79%,15.51%,17.70%,22.59%,11.03%,13.12%,-27.15%,15.00%,24.56%,16.29%,-21.12%,5.37%,9.34%,7.28%,34.53%,16.12%,22.19%,22.92%,14.53%,12.09%,10.16%,13.38%,11.54%,0.63%,-,-0.67%,15.54%,13.99%,14.66%,19.84%,-,19.09%,-,16.39%,9.12%,17.35%,11.03%,-413.88%,-302.22%
EBITDA,558,606,531,586,430,890,626,133,703,573,565,227,513,572,597,582,555,566,485,528,484,536,504,479,"1,805",-152,527,601,576,426,355,257,344,220,608,524,479,568,618,542
EBITDA Margin,14.32%,14.92%,14.11%,15.51%,11.32%,23.07%,17.24%,-,17.35%,13.62%,13.81%,-,16.32%,18.14%,18.96%,16.92%,15.29%,15.36%,13.92%,14.52%,13.54%,14.78%,14.16%,13.32%,55.95%,-7.76%,14.37%,14.27%,14.32%,11.19%,9.72%,6.22%,8.23%,5.42%,13.18%,11.29%,9.94%,10.92%,12.08%,11.02%
Depreciation & Amortization,134,135,137,134,128,135,131,-50,162,190,174,-37,126,130,136,154,155,156,163,202,173,188,178,178,180,184,192,208,193,197,193,190,191,193,190,188,216,224,226,246
EBIT,424,471,394,452,302,755,495,183,541,383,391,264,387,442,461,428,400,410,322,326,311,348,326,301,"1,625",-336,335,393,383,229,162,67,153,27,418,336,263,344,392,296
EBIT Margin,10.88%,11.60%,10.47%,11.96%,7.95%,19.57%,13.63%,-,13.35%,9.11%,9.56%,-,12.31%,14.02%,14.64%,12.44%,11.02%,11.13%,9.24%,8.97%,8.70%,9.59%,9.16%,8.37%,50.37%,-17.14%,9.13%,9.33%,9.52%,6.02%,4.43%,1.62%,3.66%,0.67%,9.06%,7.24%,5.46%,6.62%,7.67%,6.02%
