,2013-12-31,2014-03-31,2014-06-30,2014-09-30,2014-12-31,2015-03-31,2015-06-30,2015-09-30,2015-12-31,2016-03-31,2016-06-30,2016-09-30,2016-12-31,2017-03-31,2017-06-30,2017-09-30,2017-12-31,2018-03-31,2018-06-30,2018-09-30,2018-12-31,2019-03-31,2019-06-30,2019-09-30,2019-12-31,2020-03-31,2020-06-30,2020-09-30,2020-12-31,2021-03-31,2021-06-30,2021-09-30,2021-12-31,2022-03-31,2022-06-30,2022-09-30,2022-12-31,2023-03-31,2023-06-30,2023-09-30
Revenue,"4,073","3,777","3,810","3,841","3,947","3,731","3,866","3,775","3,853","3,665","3,794","3,829","3,874","3,884","4,060","4,125","4,260","4,111","4,324","4,357","3,398","4,286","4,215","4,242","4,321","4,336","4,076","4,281","4,208","4,220","4,667","5,197","5,127","4,692","5,116","5,549","5,763","5,603","5,293","5,233"
Revenue Growth (YoY),0.10%,-4.50%,-6.25%,-2.02%,-3.09%,-1.22%,1.47%,-1.72%,-2.38%,-1.77%,-1.86%,1.43%,0.55%,5.98%,7.01%,7.73%,9.96%,5.84%,6.50%,5.62%,-20.23%,4.26%,-2.52%,-2.64%,27.16%,1.17%,-3.30%,0.92%,-2.62%,-2.68%,14.50%,21.40%,21.84%,11.18%,9.62%,6.77%,12.40%,19.42%,3.46%,-5.69%
Gross Profit,"4,073","3,777","3,810","3,841","3,947","3,731","3,866","3,775","3,853","3,665","3,794","3,829","3,874","3,884","4,060","4,125","4,260","4,111","4,324","4,357","3,398","4,286","4,215","4,242","4,321","4,336","4,076","4,281","4,208","4,220","4,667","5,197","5,127","4,692","5,116","5,549","5,763","5,603","5,293","5,233"
"Selling, General & Admin","1,681","1,551","1,643","1,675","1,687","1,657","1,707","1,722","1,761","1,654","1,742","1,772","1,787","1,785","1,826","1,811","2,023","1,900","1,915","1,943","1,919","1,967","1,958","1,973","2,094","1,921","1,920","1,974","2,096","2,030","2,257","2,692","2,832","2,367","2,471","2,483","2,665","2,501","2,548","2,457"
Other Operating Expenses,833,713,685,682,852,692,659,630,635,627,618,622,654,617,653,645,"1,038",627,669,665,658,611,653,650,668,622,595,557,612,544,793,895,959,805,773,797,809,820,824,788
Operating Expenses,"2,514","2,264","2,328","2,357","2,539","2,349","2,366","2,352","2,396","2,281","2,360","2,394","2,441","2,402","2,479","2,456","3,061","2,527","2,584","2,608","2,577","2,578","2,611","2,623","2,762","2,543","2,515","2,531","2,708","2,574","3,050","3,587","3,791","3,172","3,244","3,280","3,474","3,321","3,372","3,245"
Operating Income,"1,559","1,513","1,482","1,484","1,408","1,382","1,500","1,423","1,457","1,384","1,434","1,435","1,433","1,482","1,581","1,669","1,199","1,584","1,740","1,749",821,"1,708","1,604","1,619","1,559","1,793","1,561","1,750","1,500","1,646","1,617","1,610","1,336","1,520","1,872","2,269","2,289","2,282","1,921","1,988"
Other Expense / Income,126,92,75,56,73,55,50,99,88,171,150,105,89,105,108,142,136,102,90,99,-626,199,3,-15,-3,765,"-1,929",65,-240,-541,314,-187,-314,-187,51,257,428,252,163,145
Pretax Income,"1,433","1,421","1,407","1,428","1,335","1,327","1,450","1,324","1,369","1,213","1,284","1,330","1,344","1,377","1,473","1,527","1,063","1,482","1,650","1,650","1,447","1,509","1,601","1,634","1,562","1,028","3,490","1,685","1,740","2,187","1,303","1,797","1,650","1,707","1,821","2,012","1,861","2,030","1,758","1,843"
Income Tax,372,359,358,391,299,324,410,269,361,289,318,342,319,320,386,413,"-1,017",253,304,261,110,248,239,255,195,120,-158,166,298,371,212,323,357,299,340,388,333,353,275,289
Net Income,"1,061","1,062","1,049","1,037","1,036","1,003","1,040","1,055","1,008",924,966,988,"1,025","1,057","1,087","1,114","2,080","1,229","1,346","1,389","1,337","1,261","1,362","1,379","1,367",908,"3,648","1,519","1,442","1,816","1,091","1,474","1,293","1,408","1,481","1,624","1,528","1,677","1,483","1,554"
Preferred Dividends,50,70,48,71,48,70,48,64,43,65,43,64,43,84,57,64,57,64,56,64,56,64,56,64,56,64,56,64,49,58,49,58,73,47,72,66,121,70,129,106
Net Income Common,"1,011",992,"1,001",966,988,933,992,991,965,859,923,924,982,973,"1,030","1,050","2,023","1,165","1,290","1,325","1,281","1,197","1,306","1,315","1,311",844,"3,592","1,455","1,393","1,758","1,042","1,416","1,220","1,361","1,409","1,558","1,407","1,607","1,354","1,448"
Net Income Growth,55.06%,6.90%,-5.39%,1.15%,-2.27%,-5.95%,-0.90%,2.59%,-2.33%,-7.93%,-6.96%,-6.76%,1.76%,13.27%,11.59%,13.64%,106.01%,19.73%,25.24%,26.19%,-36.68%,2.75%,1.24%,-0.75%,2.34%,-29.49%,175.04%,10.65%,6.25%,108.29%,-70.99%,-2.68%,-12.42%,-22.58%,35.22%,10.03%,15.33%,18.07%,-3.90%,-7.06%
Shares Outstanding (Basic),528,532,532,529,523,521,517,512,508,501,497,490,488,487,484,479,475,473,469,465,461,455,451,444,438,429,426,426,427,426,427,426,426,420,414,410,406,401,401,400
Shares Outstanding (Diluted),535,539,539,537,531,529,525,520,509,507,503,496,494,492,488,483,480,476,472,467,464,456,452,445,439,430,426,426,424,426,427,426,423,420,414,410,403,402,401,400
Shares Change,1.13%,2.08%,1.51%,0.56%,-0.75%,-1.86%,-2.60%,-3.17%,-4.14%,-4.16%,-4.19%,-4.62%,-2.95%,-2.96%,-2.98%,-2.62%,-2.83%,-3.25%,-3.28%,-3.31%,-3.33%,-4.20%,-4.24%,-4.71%,-5.39%,-5.70%,-5.75%,-4.27%,-3.42%,-0.93%,0.23%,-,-0.24%,-1.41%,-3.04%,-3.76%,-4.73%,-4.29%,-3.14%,-2.44%
EPS (Basic),1.90,1.86,1.88,1.82,1.89,1.79,1.92,1.93,1.88,1.70,1.84,1.87,2.01,1.99,2.12,2.18,4.20,2.45,2.74,2.84,2.76,2.62,2.89,2.95,2.98,1.96,8.40,3.40,3.26,4.11,2.43,3.31,2.87,3.23,3.39,3.78,3.47,3.98,3.36,3.60
EPS (Diluted),1.87,1.82,1.85,1.79,1.85,1.75,1.88,1.90,1.87,1.68,1.82,1.84,1.97,1.96,2.10,2.16,4.15,2.43,2.72,2.82,2.75,2.61,2.88,2.94,2.97,1.95,8.40,3.39,3.26,4.10,2.43,3.30,2.87,3.23,3.39,3.78,3.46,3.98,3.36,3.60
EPS Growth,53.28%,4.60%,-6.57%,1.13%,-1.07%,-3.85%,1.62%,6.15%,1.08%,-4.00%,-3.19%,-3.16%,5.35%,16.67%,15.38%,17.39%,110.66%,23.98%,29.52%,30.56%,-33.73%,7.41%,5.88%,4.26%,8.00%,-25.29%,191.67%,15.31%,9.76%,110.26%,-71.07%,-2.65%,-11.96%,-21.22%,39.51%,14.55%,20.56%,23.22%,-0.88%,-4.76%
Free Cash Flow,-341,"1,920","1,550","1,110","1,005",260,"1,396","1,977","1,892",276,485,"1,534","1,205","1,590",630,"2,495",864,"2,922","1,617","1,164","2,137","1,401","2,243",604,"3,115",-696,"3,027",393,"1,935",780,"1,415","1,525","3,494",-989,"2,632","3,394","4,046","1,876","3,256",115
Free Cash Flow Per Share,-0.65,3.61,2.91,2.10,1.92,0.50,2.70,3.86,3.72,0.55,0.98,3.13,2.47,3.27,1.30,5.21,1.82,6.18,3.45,2.50,4.64,3.08,4.97,1.36,7.11,-1.62,7.11,0.92,4.53,1.83,3.31,3.58,8.20,-2.35,6.36,8.28,9.97,4.68,8.12,0.29
Dividend Per Share,0.440,0.440,0.480,0.480,0.480,0.480,0.510,0.510,0.510,0.510,0.510,0.550,0.550,0.550,0.550,0.750,0.750,0.750,0.750,0.950,0.950,0.950,0.950,1.150,1.150,1.150,1.150,1.150,1.150,1.150,1.150,1.250,1.250,1.250,1.500,1.500,1.500,1.500,1.500,1.550
Dividend Growth,10.00%,10.00%,9.09%,9.09%,9.09%,9.09%,6.25%,6.25%,6.25%,6.25%,0%,7.84%,7.84%,7.84%,7.84%,36.36%,36.36%,36.36%,36.36%,26.67%,26.67%,26.67%,26.67%,21.05%,21.05%,21.05%,21.05%,0%,0%,0%,0%,8.70%,8.70%,8.70%,30.43%,20.00%,20.00%,20.00%,0%,3.33%
Gross Margin,100.00%,100.00%,100.00%,100.00%,100.00%,100.00%,100.00%,100.00%,100.00%,100.00%,100.00%,100.00%,100.00%,100.00%,100.00%,100.00%,100.00%,100.00%,100.00%,100.00%,100.00%,100.00%,100.00%,100.00%,100.00%,100.00%,100.00%,100.00%,100.00%,100.00%,100.00%,100.00%,100.00%,100.00%,100.00%,100.00%,100.00%,100.00%,100.00%,100.00%
Operating Margin,38.28%,40.06%,38.90%,38.64%,35.67%,37.04%,38.80%,37.70%,37.81%,37.76%,37.80%,37.48%,36.99%,38.16%,38.94%,40.46%,28.15%,38.53%,40.24%,40.14%,24.16%,39.85%,38.05%,38.17%,36.08%,41.35%,38.30%,40.88%,35.65%,39.00%,34.65%,30.98%,26.06%,32.40%,36.59%,40.89%,39.72%,40.73%,36.29%,37.99%
Profit Margin,24.82%,26.26%,26.27%,25.15%,25.03%,25.01%,25.66%,26.25%,25.05%,23.44%,24.33%,24.13%,25.35%,25.05%,25.37%,25.45%,47.49%,28.34%,29.83%,30.41%,37.70%,27.93%,30.98%,31.00%,30.34%,19.46%,88.13%,33.99%,33.10%,41.66%,22.33%,27.25%,23.80%,29.01%,27.54%,28.08%,24.41%,28.68%,25.58%,27.67%
Free Cash Flow Margin,-8.37%,50.83%,40.68%,28.90%,25.46%,6.97%,36.11%,52.37%,49.10%,7.53%,12.78%,40.06%,31.10%,40.94%,15.52%,60.48%,20.28%,71.08%,37.40%,26.72%,62.89%,32.69%,53.21%,14.24%,72.09%,-16.05%,74.26%,9.18%,45.98%,18.48%,30.32%,29.34%,68.15%,-21.08%,51.45%,61.16%,70.21%,33.48%,61.52%,2.20%
Effective Tax Rate,25.96%,25.26%,25.44%,27.38%,22.40%,24.42%,28.28%,20.32%,26.37%,23.83%,24.77%,25.71%,23.74%,23.24%,26.21%,27.05%,-95.67%,17.07%,18.42%,15.82%,7.60%,16.43%,14.93%,15.61%,12.48%,11.67%,-4.53%,9.85%,17.13%,16.96%,16.27%,17.97%,21.64%,17.52%,18.67%,19.28%,17.89%,17.39%,15.64%,15.68%
EBITDA,"1,696","1,657","1,647","1,676","1,599","1,579","1,728","1,596","1,655","1,483","1,575","1,686","1,620","1,656","1,762","1,818","1,321","1,762","1,937","1,922","1,737","1,781","1,908","1,959","1,973","1,356","3,874","1,917","2,293","2,562","1,722","2,218","2,208","2,092","1,965","2,070","1,925","2,095","1,818","1,892"
EBITDA Margin,41.64%,43.87%,43.23%,43.63%,40.51%,42.32%,44.70%,42.28%,42.95%,40.46%,41.51%,44.03%,41.82%,42.64%,43.40%,44.07%,31.01%,42.86%,44.80%,44.11%,51.12%,41.55%,45.27%,46.18%,45.66%,31.27%,95.04%,44.78%,54.49%,60.71%,36.90%,42.68%,43.07%,44.59%,38.41%,37.30%,33.40%,37.39%,34.35%,36.16%
Depreciation & Amortization,263,236,240,248,264,252,278,272,286,270,291,356,276,279,289,291,258,280,287,272,290,272,307,325,411,328,384,232,553,375,419,421,558,385,144,58,64,65,60,49
EBIT,"1,433","1,421","1,407","1,428","1,335","1,327","1,450","1,324","1,369","1,213","1,284","1,330","1,344","1,377","1,473","1,527","1,063","1,482","1,650","1,650","1,447","1,509","1,601","1,634","1,562","1,028","3,490","1,685","1,740","2,187","1,303","1,797","1,650","1,707","1,821","2,012","1,861","2,030","1,758","1,843"
EBIT Margin,35.18%,37.62%,36.93%,37.18%,33.82%,35.57%,37.51%,35.07%,35.53%,33.10%,33.84%,34.73%,34.69%,35.45%,36.28%,37.02%,24.95%,36.05%,38.16%,37.87%,42.58%,35.21%,37.98%,38.52%,36.15%,23.71%,85.62%,39.36%,41.35%,51.82%,27.92%,34.58%,32.18%,36.38%,35.59%,36.26%,32.29%,36.23%,33.21%,35.22%
