,2014-03-31,2014-06-30,2014-09-30,2014-12-31,2015-03-31,2015-06-30,2015-09-30,2015-12-31,2016-03-31,2016-06-30,2016-09-30,2016-12-31,2017-03-31,2017-06-30,2017-09-30,2017-12-31,2018-03-31,2018-06-30,2018-09-30,2018-12-31,2019-03-31,2019-06-30,2019-09-30,2019-12-31,2020-03-31,2020-06-30,2020-09-30,2020-12-31,2021-03-31,2021-06-30,2021-09-30,2021-12-31,2022-03-31,2022-06-30,2022-09-30,2022-12-31,2023-03-31,2023-06-30,2023-09-30,2023-12-31
Revenue,"2,422","2,517","2,581","2,743","2,911","3,085","3,187","3,233","3,202","3,370","3,453","3,462","3,546","3,670","3,766","3,828","3,912","4,006","4,078","4,129","4,110","4,141","4,248","4,284","4,225","4,000","4,243","4,184","4,401","4,585","4,744","4,777","4,826","4,906","4,857","4,839","4,812","4,886","4,897","4,758"
Revenue Growth (YoY),19.87%,16.47%,11.94%,16.43%,20.19%,22.57%,23.48%,17.87%,9.98%,9.23%,8.35%,7.10%,10.74%,8.90%,9.06%,10.57%,10.32%,9.16%,8.28%,7.86%,5.06%,3.37%,4.17%,3.75%,2.80%,-3.40%,-0.12%,-2.33%,4.17%,14.63%,11.81%,14.17%,9.66%,7.00%,2.38%,1.30%,-0.29%,-0.41%,0.82%,-1.67%
Cost of Revenue,"1,432","1,500","1,570","1,639","1,727","1,845","1,935","1,933","1,915","2,038","2,077","2,078","2,194","2,261","2,337","2,360","2,401","2,417","2,480","2,540","2,575","2,629","2,681","2,749","2,747","2,615","2,647","2,662","2,764","2,863","2,947","3,030","3,097","3,119","3,080","3,152","3,143","3,231","3,209","3,081"
Gross Profit,989.9,"1,018","1,011","1,103","1,184","1,240","1,252","1,299","1,287","1,332","1,376","1,384","1,352","1,409","1,429","1,468","1,511","1,589","1,598","1,589","1,535","1,512","1,567","1,535","1,478","1,385","1,596","1,522","1,637","1,722","1,797","1,747","1,729","1,787","1,777","1,687","1,669","1,655","1,688","1,677"
"Selling, General & Admin",485.4,482.9,506,562.6,610.8,612,627.1,659.1,646,654,701,730,686,709,674,628,711,805,734,757,871,719,706,676,711,711,804,874,827,881,924,871,862,883,838,860,835,830,801,786
Other Operating Expenses,44.5,46.7,47.7,61.1,73.1,82.8,82.5,86.6,87,87,92,93,96,94,107,183,107,114,119,139,125,174,192,233,188,207,189,183,141,145,144,144,143,144,141,141,132,248,201,167
Operating Expenses,529.9,529.6,553.7,623.7,683.9,694.8,709.6,745.7,733,741,793,823,782,803,781,811,818,919,853,896,996,893,898,909,899,918,993,"1,057",968,"1,026","1,068","1,015","1,005","1,027",979,"1,001",967,"1,078","1,002",953
Operating Income,460,488,457.5,479.5,500.3,545.5,542.8,553.4,554,591,583,561,570,606,648,657,693,670,745,693,539,619,669,626,579,467,603,465,669,696,729,732,724,760,798,686,702,577,686,724
Interest Expense / Income,0,0,0.3,2.7,5,4.1,4.3,4.6,5,5,5,4,6,6,6,5,6,7,6,8,7,6,7,6,6,9,6,3,2,2,3,2,2,3,6,8,9,10,11,11
Other Expense / Income,-13.2,-13.8,-6.5,-8.4,-15.3,-7.4,-4.5,-12.8,-40,-9,-36,-3,-85,-35,-17,-62,-10,39,77,-131,-51,-63,5,51,64,-37,-27,-6,2,-2,-5,-8,-11,-4,-20,-36,-45,-20,-41,-40
Pretax Income,473.2,501.8,463.7,485.2,510.6,548.8,543,561.6,589,595,614,560,649,635,659,714,697,624,662,816,583,676,657,569,509,495,624,468,665,696,731,738,733,761,812,714,738,587,716,753
Income Tax,124.3,129.9,108.1,122.6,127.7,128.7,145.8,137.8,148,343,170,144,92,165,164,732,177,168,185,168,142,167,160,174,142,134,276,152,160,184,187,162,170,184,183,193,158,124,191,195
Net Income,348.9,371.9,355.6,362.6,382.9,420.1,397.2,423.8,441,252,444,416,557,470,495,-18,520,456,477,648,441,509,497,395,367,361,348,316,505,512,544,576,563,577,629,521,580,463,525,558
Net Income Growth,22.76%,23.80%,11.25%,11.79%,9.74%,12.96%,11.70%,16.88%,15.17%,-40.01%,11.78%,-1.84%,26.30%,86.51%,11.49%,-,-6.64%,-2.98%,-3.64%,-,-15.19%,11.62%,4.19%,-39.04%,-16.78%,-29.08%,-29.98%,-20.00%,37.60%,41.83%,56.32%,82.28%,11.49%,12.70%,15.63%,-9.55%,3.02%,-19.76%,-16.53%,7.10%
Shares Outstanding (Basic),608,608,608,608,610,610,609,608,608,606,606,607,605,589,590,590,587,585,579,576,573,564,551,547,546,541,542,531,530,527,525,527,524,520,516,512,509,506,504,502
Shares Outstanding (Diluted),613,612,612,615,614,614,613,612,612,609,609,610,607,591,592,592,589,586,580,581,575,564,551,551,546,541,543,535,531,528,526,528,525,521,517,513,509,507,505,499
Shares Change,0.42%,0.54%,0.58%,0.62%,0.16%,0.28%,0.10%,-0.54%,-0.31%,-0.80%,-0.60%,-0.25%,-0.82%,-2.96%,-2.79%,-2.95%,-2.97%,-0.85%,-2.03%,-1.86%,-2.38%,-3.75%,-5.00%,-5.16%,-5.04%,-4.08%,-1.45%,-2.90%,-2.75%,-2.40%,-3.13%,-1.31%,-1.13%,-1.33%,-1.71%,-2.84%,-3.05%,-2.69%,-2.32%,-2.73%
EPS (Basic),0.57,0.61,0.58,0.60,0.63,0.69,0.65,0.70,0.73,0.42,0.73,0.68,0.92,0.80,0.84,-0.02,0.89,0.78,0.82,1.12,0.77,0.90,0.90,0.73,0.67,0.67,0.64,0.60,0.95,0.97,1.04,1.10,1.07,1.11,1.22,1.02,1.14,0.92,1.04,1.11
EPS (Diluted),0.57,0.61,0.58,0.59,0.62,0.68,0.65,0.69,0.72,0.41,0.73,0.68,0.92,0.80,0.84,-0.02,0.88,0.78,0.82,1.12,0.77,0.90,0.90,0.72,0.67,0.67,0.64,0.59,0.95,0.97,1.03,1.09,1.07,1.11,1.22,1.01,1.14,0.91,1.04,1.12
EPS Growth,21.28%,24.49%,9.43%,9.26%,8.77%,11.48%,12.07%,16.95%,16.13%,-39.71%,12.31%,-1.45%,27.78%,95.12%,15.07%,-,-4.35%,-2.50%,-2.38%,-,-12.50%,15.38%,9.76%,-35.71%,-12.99%,-25.56%,-28.89%,-18.06%,41.79%,44.78%,60.94%,84.75%,12.63%,14.43%,18.45%,-7.34%,6.54%,-18.02%,-14.75%,10.89%
Free Cash Flow,114,369.6,527.7,249.7,131.3,380.5,752.8,649.4,8,291,529,517,211,461,695,756,292,549,768,606,163,479,620,845,385,886,821,809,93,466,897,760,186,485,953,612,631,-32,755,659
Free Cash Flow Per Share,0.19,0.61,0.87,0.41,0.21,0.62,1.24,1.07,0.01,0.48,0.87,0.85,0.35,0.78,1.18,1.28,0.50,0.94,1.33,1.05,0.28,0.85,1.13,1.54,0.70,1.64,1.51,1.52,0.17,0.88,1.71,1.44,0.35,0.93,1.85,1.20,1.24,-0.06,1.50,1.31
Dividend Per Share,-,-,-,-,-,-,-,-,-,-,-,-,-,0.150,0.150,0.150,0.200,0.200,0.200,0.200,0.200,0.200,0.200,0.200,0.220,0.220,0.220,0.220,0.240,0.240,0.240,0.240,0.270,0.270,0.270,0.270,0.290,0.290,0.290,0.290
Dividend Growth,-,-,-,-,-,-,-,-,-,-,-,-,-,-,-,-,-,33.33%,33.33%,33.33%,0%,0%,0%,0%,10.00%,10.00%,10.00%,10.00%,9.09%,9.09%,9.09%,9.09%,12.50%,12.50%,12.50%,12.50%,7.41%,7.41%,7.41%,7.41%
Gross Margin,40.87%,40.43%,39.18%,40.23%,40.67%,40.20%,39.30%,40.19%,40.19%,39.53%,39.85%,39.98%,38.13%,38.39%,37.94%,38.35%,38.62%,39.67%,39.19%,38.48%,37.35%,36.51%,36.89%,35.83%,34.98%,34.63%,37.61%,36.38%,37.20%,37.56%,37.88%,36.57%,35.83%,36.42%,36.59%,34.86%,34.68%,33.87%,34.47%,35.25%
Operating Margin,18.99%,19.39%,17.73%,17.48%,17.18%,17.68%,17.03%,17.12%,17.30%,17.54%,16.88%,16.20%,16.07%,16.51%,17.21%,17.16%,17.71%,16.72%,18.27%,16.78%,13.11%,14.95%,15.75%,14.61%,13.70%,11.68%,14.21%,11.11%,15.20%,15.18%,15.37%,15.32%,15.00%,15.49%,16.43%,14.18%,14.59%,11.81%,14.01%,15.22%
Profit Margin,14.40%,14.77%,13.78%,13.22%,13.15%,13.62%,12.46%,13.11%,13.77%,7.48%,12.86%,12.02%,15.71%,12.81%,13.14%,-0.47%,13.29%,11.38%,11.70%,15.69%,10.73%,12.29%,11.70%,9.22%,8.69%,9.03%,8.20%,7.55%,11.47%,11.17%,11.47%,12.06%,11.67%,11.76%,12.95%,10.77%,12.05%,9.48%,10.72%,11.73%
Free Cash Flow Margin,4.71%,14.68%,20.45%,9.10%,4.51%,12.33%,23.62%,20.09%,0.25%,8.64%,15.32%,14.93%,5.95%,12.56%,18.45%,19.75%,7.46%,13.70%,18.83%,14.68%,3.97%,11.57%,14.60%,19.72%,9.11%,22.15%,19.35%,19.34%,2.11%,10.16%,18.91%,15.91%,3.85%,9.89%,19.62%,12.65%,13.11%,-0.65%,15.42%,13.85%
Effective Tax Rate,26.27%,25.89%,23.31%,25.27%,25.01%,23.45%,26.85%,24.54%,25.13%,57.65%,27.69%,25.71%,14.18%,25.98%,24.89%,102.52%,25.39%,26.92%,27.95%,20.59%,24.36%,24.70%,24.35%,30.58%,27.90%,27.07%,44.23%,32.48%,24.06%,26.44%,25.58%,21.95%,23.19%,24.18%,22.54%,27.03%,21.41%,21.12%,26.68%,25.90%
EBITDA,519.9,550.6,513.7,550.7,591.2,636.9,629.7,654.2,682,693,716,665,759,744,779,841,820,754,795,955,723,815,791,708,651,641,768,619,808,843,878,884,878,908,959,863,879,738,873,900
EBITDA Margin,21.46%,21.87%,19.90%,20.08%,20.31%,20.64%,19.76%,20.24%,21.30%,20.56%,20.74%,19.21%,21.40%,20.27%,20.69%,21.97%,20.96%,18.82%,19.49%,23.13%,17.59%,19.68%,18.62%,16.53%,15.41%,16.02%,18.10%,14.79%,18.36%,18.39%,18.51%,18.51%,18.19%,18.51%,19.74%,17.83%,18.27%,15.10%,17.83%,18.92%
Depreciation & Amortization,46.7,48.8,49.7,62.8,75.6,84,82.4,88,88,93,97,101,104,103,114,122,117,123,127,131,133,133,127,133,136,137,138,148,141,145,144,144,143,144,141,141,132,141,146,136
EBIT,473.2,501.8,464,487.9,515.6,552.9,547.3,566.2,594,600,619,564,655,641,665,719,703,631,668,824,590,682,664,575,515,504,630,471,667,698,734,740,735,764,818,722,747,597,727,764
EBIT Margin,19.54%,19.94%,17.98%,17.79%,17.71%,17.92%,17.17%,17.52%,18.55%,17.80%,17.93%,16.29%,18.47%,17.47%,17.66%,18.78%,17.97%,15.75%,16.38%,19.96%,14.36%,16.47%,15.63%,13.42%,12.19%,12.60%,14.85%,11.26%,15.16%,15.22%,15.47%,15.49%,15.23%,15.57%,16.84%,14.92%,15.52%,12.22%,14.85%,16.06%
