,2014-03-31,2014-06-30,2014-09-30,2014-12-31,2015-03-31,2015-06-30,2015-09-30,2015-12-31,2016-03-31,2016-06-30,2016-09-30,2016-12-31,2017-03-31,2017-06-30,2017-09-30,2017-12-31,2018-03-31,2018-06-30,2018-09-30,2018-12-31,2019-03-31,2019-06-30,2019-09-30,2019-12-31,2020-03-31,2020-06-30,2020-09-30,2020-12-31,2021-03-31,2021-06-30,2021-09-30,2021-12-31,2022-03-31,2022-06-30,2022-09-30,2022-12-31,2023-03-31,2023-06-30,2023-09-30,2023-12-31
Revenue,834.05,885.18,884.12,946.15,865.28,889.54,883.93,943.64,902.42,931.56,945.14,"1,011","1,086","1,135","1,160","1,227","1,203","1,294","1,319","1,376","1,287","1,330","1,355","1,395","1,351","1,305","1,366","1,505","1,529","1,588","1,463","1,512","1,527","1,311","1,350","1,431","1,470","1,531","1,563","1,614"
Revenue Growth (YoY),13.15%,12.90%,6.80%,6.41%,3.74%,0.49%,-0.02%,-0.26%,4.29%,4.72%,6.92%,7.12%,20.38%,21.80%,22.72%,21.35%,10.70%,14.02%,13.69%,12.21%,7.04%,2.83%,2.71%,1.34%,4.93%,-1.90%,0.86%,7.92%,13.17%,21.66%,7.08%,0.47%,-0.13%,-17.44%,-7.69%,-5.38%,-3.73%,16.81%,15.78%,12.76%
Cost of Revenue,345.12,361.99,360.08,380.4,347.12,355.63,350.45,364.55,342.9,364.04,366.65,383.92,418.69,429.02,433.49,461.47,452,477.8,478.7,503.2,476.6,480.3,480.9,501.9,493.9,461.3,490.2,538.7,534.8,553.5,466.7,494.3,496.5,399.3,408.5,428.6,451.1,464.1,467.1,488.3
Gross Profit,488.94,523.18,524.04,565.74,518.16,533.91,533.48,579.09,559.52,567.52,578.49,626.88,667.61,705.65,726.42,765.11,750.5,815.9,840,873.1,810.6,850,873.6,892.9,856.8,843.7,875.9,966.6,993.8,"1,034",996.1,"1,018","1,030",911.5,941.8,"1,002","1,019","1,067","1,096","1,125"
Selling & Marketing,0,0,0,0,0,0,0,0,0,0,0,0,0,0,0,0,0,0,0,0,0,0,0,0,0,0,0,78.3,0,0,0,0,0,0,0,0,0,0,0,0
General & Administrative,265.54,276.52,278.38,281.99,271.27,281.94,283.11,300.41,314.53,314.44,311.1,337.77,409.36,411.39,415.67,418.13,450.3,461.6,462.5,508.7,464.2,481.6,488.4,494.5,507.6,0,0,507.6,0,0,0,0,0,0,0,0,0,0,0,0
Other Operating Expenses,1.42,-0.93,0.55,-0.42,-0.68,-1.52,0.25,60.6,-0.13,-1.33,0.34,-0.36,-1.05,6.97,-0.66,-0.22,-1.7,2.3,-1.6,1,-3.1,-1,1.5,-2.5,0.8,-2,-2.2,0.5,27,0.9,-1.7,0,-1.9,-1.3,3.6,-50.3,-2.3,-2.8,5,0
Operating Expenses,265.54,276.52,278.38,281.99,271.27,281.94,283.11,300.41,314.53,314.44,311.1,337.77,409.36,411.39,415.67,418.13,450.3,461.6,462.5,508.7,464.2,481.6,488.4,494.5,507.6,510.1,508.3,585.9,593.3,616.1,592.6,597.9,609,548.6,548.6,589.8,617.6,631.8,650.2,662.4
Operating Income,223.4,246.67,245.66,283.75,246.9,251.97,250.37,278.68,244.99,253.08,267.39,289.1,258.26,294.26,310.75,346.98,300.2,354.3,377.5,364.4,346.4,368.4,385.2,398.4,349.2,333.6,367.6,380.7,400.5,418,403.5,320.6,421.1,362.9,393.2,412.5,401,435.3,446.1,462.8
Interest Expense,19.83,19.51,20.01,19.29,19.84,20.18,20.37,23.84,27.41,26.86,26.8,30.48,45.87,45.81,45.52,43.37,43.2,43.2,48.4,47.3,43.7,45.1,48.8,49,45.4,47.5,62.3,63.7,60.6,59.5,58.2,55.9,52.6,44.7,41.3,53.8,37.4,34.8,42.4,50.1
Other Expense / Income,-1.42,0.93,-0.55,0.42,0.68,1.52,-0.25,-60.6,0.13,1.33,0.53,0.36,1.05,-6.97,0.66,0.22,1.7,-2.3,17.5,-1,-116.5,1,-1.5,-798.6,-0.8,2,2.2,-0.5,-27,-0.9,-28,-87.9,1.9,-42.5,-53.7,50.3,4.7,-67.1,-40.5,-64
Pretax Income,204.99,226.22,226.2,264.04,226.38,230.28,230.25,315.43,217.45,224.88,240.06,258.27,211.34,255.41,264.57,303.4,255.3,313.4,311.6,318.1,419.2,322.3,337.9,"1,148",304.6,284.1,303.1,317.5,366.9,359.4,343.6,264.7,366.6,316.9,355.5,308.4,360.1,463.7,442.6,476.7
Income Tax,57.77,68.86,70.69,78.11,70.61,59,69.84,106.84,66.03,66.81,72.98,76.19,53.27,75.86,74.29,-140.47,44,85,64,61,49.6,72.6,60.4,276.9,64.3,64.9,68.7,61.7,77.9,73.1,83.8,64.8,79,91.9,78.6,61.1,75.8,102.7,97,87.7
Net Income,147.23,157.36,155.51,185.94,155.77,171.28,160.42,208.6,151.42,158.07,167.08,182.08,158.07,179.56,190.27,443.87,211.3,228.4,247.6,257.1,369.6,249.7,277.5,871.1,240.3,219.2,234.4,255.8,289,286.3,289.5,287.8,287.6,268.8,327,247.3,283.1,364.9,347.2,389
Net Income Growth,17.86%,41.32%,14.07%,12.21%,5.81%,8.85%,3.16%,12.19%,-2.80%,-7.71%,4.15%,-12.71%,4.40%,13.59%,13.88%,143.78%,33.67%,27.20%,30.13%,-42.08%,74.92%,9.33%,12.08%,238.82%,-34.98%,-12.21%,-15.53%,-70.63%,20.27%,30.61%,23.51%,12.51%,-0.48%,-6.11%,12.95%,-14.07%,-1.56%,35.75%,6.18%,57.30%
Shares Outstanding (Basic),100,100,100,100,100,101,101,101,101,101,101,101,102,102,102,102,103,103,103,103,104,104,104,104,104,105,105,105,105,105,105,106,106,106,106,106,106,107,107,107
Shares Outstanding (Diluted),101,101,101,101,101,102,102,102,102,102,103,103,103,103,104,104,104,104,105,105,105,105,105,105,105,106,106,106,106,106,107,107,107,107,107,107,107,107,108,108
Shares Change,0.59%,0.66%,0.70%,0.74%,0.78%,0.74%,0.60%,0.70%,0.94%,0.88%,0.90%,0.73%,0.74%,0.92%,1.13%,1.25%,1.09%,0.96%,0.89%,0.61%,0.48%,0.67%,0.57%,0.67%,0.57%,0.38%,0.67%,0.76%,0.66%,0.85%,0.76%,0.66%,0.66%,0.38%,0.09%,0.09%,0.28%,0.56%,0.75%,0.84%
EPS (Basic),1.48,1.58,1.55,1.86,1.55,1.70,1.59,2.07,1.50,1.56,1.65,1.79,1.55,1.76,1.86,4.33,2.05,2.21,2.39,2.49,3.57,2.40,2.67,8.37,2.30,2.10,2.24,2.44,2.75,2.72,2.75,2.73,2.72,2.54,3.08,2.33,2.66,3.42,3.25,3.64
EPS (Diluted),1.46,1.56,1.54,1.84,1.54,1.69,1.58,2.05,1.48,1.54,1.63,1.78,1.53,1.74,1.84,4.27,2.03,2.19,2.37,2.46,3.53,2.38,2.64,8.28,2.28,2.08,2.21,2.41,2.73,2.69,2.71,2.70,2.70,2.52,3.06,2.32,2.65,3.40,3.23,3.61
EPS Growth,16.80%,40.54%,13.24%,11.52%,5.48%,8.33%,2.60%,11.41%,-3.90%,-8.88%,3.16%,-13.17%,3.38%,12.99%,12.88%,139.89%,32.68%,25.86%,28.80%,-42.39%,73.89%,8.68%,11.39%,236.59%,-35.41%,-12.61%,-16.29%,-70.89%,19.74%,29.33%,22.62%,12.03%,-1.10%,-6.32%,12.92%,-14.07%,-1.85%,34.92%,5.56%,55.60%
Free Cash Flow,202.15,130.42,216.83,253.4,250.45,161.83,219.79,260.5,197.58,160.9,307.96,257.24,360.12,159.45,302.22,353.15,270.1,250.2,404.3,446.9,272.5,285.8,387.4,453.2,353.4,438.9,125.8,558.1,543.3,409.3,435,561.7,460.7,-78.3,228.6,53.3,444,295.1,607.7,580.3
Free Cash Flow Per Share,2.01,1.29,2.15,2.51,2.47,1.59,2.16,2.56,1.93,1.57,3.00,2.51,3.49,1.54,2.91,3.40,2.59,2.40,3.87,4.28,2.60,2.72,3.68,4.31,3.36,4.16,1.19,5.27,5.13,3.85,4.08,5.26,4.32,-0.73,2.14,0.50,4.15,2.75,5.65,5.39
Gross Margin,58.62%,59.10%,59.27%,59.79%,59.88%,60.02%,60.35%,61.37%,62.00%,60.92%,61.21%,62.02%,61.46%,62.19%,62.63%,62.38%,62.41%,63.07%,63.70%,63.44%,62.97%,63.90%,64.50%,64.02%,63.43%,64.65%,64.12%,64.21%,65.01%,65.14%,68.10%,67.31%,67.48%,69.54%,69.75%,70.05%,69.31%,69.69%,70.12%,69.74%
Operating Margin,26.78%,27.87%,27.79%,29.99%,28.53%,28.33%,28.32%,29.53%,27.15%,27.17%,28.29%,28.60%,23.77%,25.93%,26.79%,28.29%,24.96%,27.39%,28.63%,26.48%,26.91%,27.69%,28.44%,28.56%,25.85%,25.56%,26.91%,25.29%,26.20%,26.33%,27.58%,21.20%,27.58%,27.69%,29.12%,28.83%,27.28%,28.43%,28.53%,28.68%
Profit Margin,17.65%,17.78%,17.59%,19.65%,18.00%,19.25%,18.15%,22.11%,16.78%,16.97%,17.68%,18.01%,14.55%,15.82%,16.40%,36.19%,17.57%,17.65%,18.78%,18.68%,28.71%,18.77%,20.49%,62.45%,17.79%,16.80%,17.16%,16.99%,18.91%,18.03%,19.79%,19.03%,18.84%,20.51%,24.22%,17.28%,19.26%,23.83%,22.21%,24.11%
Free Cash Flow Margin,24.24%,14.73%,24.52%,26.78%,28.94%,18.19%,24.86%,27.61%,21.89%,17.27%,32.58%,25.45%,33.15%,14.05%,26.06%,28.79%,22.46%,19.34%,30.66%,32.47%,21.17%,21.48%,28.60%,32.49%,26.16%,33.63%,9.21%,37.08%,35.54%,25.78%,29.74%,37.14%,30.18%,-5.97%,16.93%,3.72%,30.21%,19.27%,38.87%,35.97%
Effective Tax Rate,28.18%,30.44%,31.25%,29.58%,31.19%,25.62%,30.33%,33.87%,30.37%,29.71%,30.40%,29.50%,25.21%,29.70%,28.08%,-46.30%,17.23%,27.12%,20.54%,19.18%,11.83%,22.53%,17.88%,24.12%,21.11%,22.84%,22.67%,19.43%,21.23%,20.34%,24.39%,24.48%,21.55%,29.00%,22.11%,19.81%,21.05%,22.15%,21.92%,18.40%
EBITDA,273.52,294.62,296.25,332.99,294.53,300.32,300.67,395.32,304.11,311.26,326.06,352.1,342.58,387.32,396.91,433.44,386.4,446.9,470.6,459.5,437.9,465.6,493,512.8,464.6,445.1,495.4,543.9,588.8,580,556.4,577.2,578.3,512.5,553.2,545.9,581.2,682.7,676.2,462.8
EBITDA Margin,32.79%,33.28%,33.51%,35.19%,34.04%,33.76%,34.01%,41.89%,33.70%,33.41%,34.50%,34.83%,31.54%,34.14%,34.22%,35.34%,32.13%,34.54%,35.69%,33.39%,34.02%,35.00%,36.40%,36.77%,34.40%,34.11%,36.26%,36.13%,38.52%,36.53%,38.04%,38.17%,37.88%,39.10%,40.97%,38.15%,39.55%,44.59%,43.25%,28.68%
Depreciation & Amortization,48.7,48.88,50.04,49.66,48.31,49.87,50.05,56.04,59.25,59.52,58.33,63.35,85.38,86.1,86.82,86.67,87.9,90.3,94.7,94.1,94.6,98.2,106.3,116.9,114.6,113.5,130,162.7,161.3,161.1,154.6,157.1,159.1,150.9,156.4,183.7,183.7,184.2,191.2,-196.1
EBIT,224.82,245.74,246.21,283.33,246.22,250.45,250.62,339.28,244.86,251.74,267.73,288.75,257.21,301.23,310.09,346.77,298.5,356.6,375.9,365.4,343.3,367.4,386.7,395.9,350,331.6,365.4,381.2,427.5,418.9,401.8,420.1,419.2,361.6,396.8,362.2,397.5,498.5,485,658.9
EBIT Margin,26.96%,27.76%,27.85%,29.95%,28.46%,28.16%,28.35%,35.95%,27.13%,27.02%,28.33%,28.57%,23.68%,26.55%,26.73%,28.27%,24.82%,27.56%,28.51%,26.55%,26.67%,27.62%,28.55%,28.38%,25.91%,25.41%,26.75%,25.32%,27.97%,26.39%,27.47%,27.78%,27.46%,27.59%,29.39%,25.31%,27.05%,32.56%,31.02%,40.84%
