,2013-12-31,2014-03-31,2014-06-30,2014-09-30,2014-12-31,2015-03-31,2015-06-30,2015-09-30,2015-12-31,2016-03-31,2016-06-30,2016-09-30,2016-12-31,2017-03-31,2017-06-30,2017-09-30,2017-12-31,2018-03-31,2018-06-30,2018-09-30,2018-12-31,2019-03-31,2019-06-30,2019-09-30,2019-12-31,2020-03-31,2020-06-30,2020-09-30,2020-12-31,2021-03-31,2021-06-30,2021-09-30,2021-12-31,2022-03-31,2022-06-30,2022-09-30,2022-12-31,2023-03-31,2023-06-30,2023-09-30
Revenue,"14,976","13,779","14,268","14,290","15,895","13,977","14,095","14,237","16,054","14,418","14,629","14,928","17,635","15,510","15,927","16,173","18,975","17,113","17,456","17,444","19,848","17,160","18,048","18,318","20,568","18,035","20,459","21,238","24,896","22,908","23,424","23,184","27,771","24,378","24,766","24,161","27,033","22,925","22,055","21,061"
Revenue Growth (YoY),2.78%,2.57%,5.63%,5.69%,6.14%,1.44%,-1.21%,-0.37%,1.00%,3.16%,3.79%,4.85%,9.85%,7.57%,8.87%,8.34%,7.60%,10.34%,9.60%,7.86%,4.60%,0.27%,3.39%,5.01%,3.63%,5.10%,13.36%,15.94%,21.04%,27.02%,14.49%,9.16%,11.55%,6.42%,5.73%,4.21%,-2.66%,-5.96%,-10.95%,-12.83%
Cost of Revenue,"1,372","1,301","1,321","1,319","1,313",994,996,979,913,815,888,927,"1,030","1,011","1,008","1,035","1,237","1,184","1,275","1,304","1,396","1,204","1,330","1,309","1,284","1,324","1,053","1,194","1,376","1,426","1,514","1,569","1,781","1,921","2,424","2,262","2,178","1,996","1,772","1,851"
Gross Profit,"13,604","12,478","12,947","12,971","14,582","12,983","13,099","13,258","15,141","13,603","13,741","14,001","16,605","14,499","14,919","15,138","17,738","15,929","16,181","16,140","18,452","15,956","16,718","17,009","19,284","16,711","19,406","20,044","23,520","21,482","21,910","21,615","25,990","22,457","22,342","21,899","24,855","20,929","20,283","19,210"
"Selling, General & Admin","7,894","7,562","8,616","7,458","9,453","7,858","7,732","7,699","8,761","8,122","7,983","8,105","9,361","8,610","8,548","8,719","9,855","9,406","9,345","9,336","10,510","9,688","9,621","9,936","11,055","10,469","11,198","11,453","12,948","11,949","11,729","11,532","13,195","12,102","11,766","11,924","13,781","12,013","11,655","12,009"
Other Operating Expenses,"3,802","3,403","3,584","3,559","4,375","3,452","3,407","3,575","4,329","3,658","3,720","3,862","5,451","4,272","4,334","4,607","5,820","5,003","5,063","5,077","5,938","4,874","4,954","4,945","6,096","5,170","5,996","6,228","8,535","6,768","6,923","7,187","8,904","7,104","7,041","6,862","7,879","6,375","5,848","5,858"
Operating Expenses,"11,696","10,965","12,200","11,017","13,828","11,310","11,139","11,274","13,090","11,780","11,703","11,967","14,812","12,882","12,882","13,326","15,675","14,409","14,408","14,413","16,448","14,562","14,575","14,881","17,151","15,639","17,194","17,681","21,483","18,717","18,652","18,719","22,099","19,206","18,807","18,786","21,660","18,388","17,503","17,867"
Operating Income,"1,908","1,513",747,"1,954",754,"1,673","1,960","1,984","2,051","1,823","2,038","2,034","1,793","1,617","2,037","1,812","2,063","1,520","1,773","1,727","2,004","1,394","2,143","2,128","2,133","1,072","2,212","2,363","2,037","2,765","3,258","2,896","3,891","3,251","3,535","3,113","3,195","2,541","2,780","1,343"
Interest Expense / Income,94,90,89,87,87,87,86,83,85,93,94,94,100,102,111,111,129,153,149,155,148,169,159,159,166,167,183,176,175,177,167,177,173,174,171,177,182,188,191,199
Other Expense / Income,-10,-,-25,-2,5,-4,-4,-4,-3,-17,-8,-13,"2,224",-195,-193,-236,563,-294,-302,-317,"1,313",-215,-220,-237,"2,165",-345,-328,-338,"6,150","-3,616",-345,-274,-244,-315,-333,-333,"-1,454",-169,-131,-124
Pretax Income,"1,824","1,423",683,"1,869",662,"1,590","1,878","1,905","1,969","1,747","1,952","1,953",-531,"1,710","2,119","1,937","1,371","1,661","1,926","1,889",543,"1,440","2,204","2,206",-198,"1,250","2,357","2,525","-4,288","6,204","3,436","2,993","3,962","3,392","3,697","3,269","4,467","2,522","2,720","1,268"
Income Tax,657,512,229,655,209,564,648,648,638,616,683,683,-283,544,735,678,275,316,441,381,90,329,519,456,-92,285,589,568,-941,"1,412",760,664,869,730,848,685,"1,014",627,639,141
Net Income,"1,167",911,454,"1,214",453,"1,026","1,230","1,257","1,331","1,131","1,269","1,270",-248,"1,166","1,384","1,259","1,096","1,345","1,485","1,508",453,"1,111","1,685","1,750",-106,965,"1,768","1,957","-3,347","4,792","2,676","2,329","3,093","2,662","2,849","2,584","3,453","1,895","2,081","1,127"
Net Income Growth,-,-12.15%,-57.61%,10.67%,-61.18%,12.62%,170.93%,3.54%,193.82%,10.23%,3.17%,1.03%,-,3.09%,9.06%,-0.87%,-,15.35%,7.30%,19.78%,-58.67%,-17.40%,13.47%,16.05%,-,-13.14%,4.93%,11.83%,-,396.58%,51.36%,19.01%,-,-44.45%,6.46%,10.95%,11.64%,-28.81%,-26.96%,-56.39%
Shares Outstanding (Basic),928,923,915,914,905,903,901,896,890,884,883,878,873,870,868,866,862,862,862,860,859,860,861,859,858,858,862,863,864,867,871,871,869,870,874,869,865,859,859,854
Shares Change,-2.69%,-3.20%,-3.06%,-2.64%,-2.49%,-2.21%,-1.55%,-1.90%,-1.64%,-2.01%,-2.06%,-2.02%,-1.99%,-1.62%,-1.69%,-1.38%,-1.25%,-0.97%,-0.70%,-0.65%,-0.29%,-0.16%,-0.11%,-0.19%,-0.16%,-0.20%,0.17%,0.54%,0.77%,1.00%,0.97%,0.89%,0.55%,0.39%,0.37%,-0.27%,-0.49%,-1.34%,-1.70%,-1.64%
EPS (Basic),1.25,0.99,0.49,1.33,0.50,1.13,1.37,1.40,1.48,1.27,1.43,1.44,-0.27,1.33,1.59,1.45,1.26,1.55,1.71,1.74,0.52,1.28,1.95,2.03,-0.12,1.12,2.04,2.25,-3.87,5.50,3.06,2.66,3.54,3.05,3.26,2.97,3.99,2.20,2.42,1.31
EPS (Diluted),1.24,0.98,0.49,1.32,0.50,1.12,1.35,1.39,1.48,1.27,1.43,1.44,-0.27,1.33,1.58,1.44,1.26,1.55,1.71,1.73,0.52,1.28,1.94,2.01,-0.12,1.11,2.03,2.24,-3.85,5.47,3.05,2.65,3.52,3.03,3.25,2.96,3.96,2.19,2.42,1.31
EPS Growth,-,-9.26%,-56.64%,13.79%,-59.68%,14.29%,175.51%,5.30%,196.00%,13.39%,5.93%,3.60%,-,4.72%,10.49%,0%,-,16.54%,8.23%,20.14%,-58.73%,-17.42%,13.45%,16.18%,-,-13.28%,4.64%,11.44%,-,392.79%,50.25%,18.30%,-,-44.61%,6.56%,11.70%,12.50%,-27.72%,-25.54%,-55.74%
Free Cash Flow,"1,798","1,949",-920,"1,746",676,"2,388",901,"1,492",296,"2,246","1,495",-139,-6,-688,"1,314",102,"-4,452","2,550","1,836",591,"1,488",767,585,66,841,"1,618","2,264","2,182","-1,017","3,697","3,087","2,407","1,622","3,932","2,973","1,589",841,"1,748","2,026",944
Free Cash Flow Per Share,1.94,2.11,-1.00,1.91,0.75,2.65,1.00,1.67,0.33,2.54,1.69,-0.16,-0.01,-0.79,1.51,0.12,-5.17,2.96,2.13,0.69,1.73,0.89,0.68,0.08,0.98,1.89,2.63,2.53,-1.18,4.26,3.55,2.76,1.87,4.52,3.40,1.83,0.97,2.04,2.36,1.10
Dividend Per Share,0.620,0.670,0.670,0.670,0.670,0.730,0.730,0.730,0.730,0.780,0.780,0.780,0.780,0.830,0.830,0.830,0.830,0.910,0.910,0.910,0.910,0.960,0.960,0.960,0.960,1.010,1.010,1.010,1.010,1.020,1.020,1.020,1.020,1.520,1.520,1.520,1.520,1.620,1.620,1.620
Dividend Growth,8.77%,8.06%,8.06%,8.06%,8.06%,8.96%,8.96%,8.96%,8.96%,6.85%,6.85%,6.85%,6.85%,6.41%,6.41%,6.41%,6.41%,9.64%,9.64%,9.64%,9.64%,5.49%,5.49%,5.49%,5.49%,5.21%,5.21%,5.21%,5.21%,0.99%,0.99%,0.99%,0.99%,49.02%,49.02%,49.02%,49.02%,6.58%,6.58%,6.58%
Gross Margin,90.84%,90.56%,90.74%,90.77%,91.74%,92.89%,92.93%,93.12%,94.31%,94.35%,93.93%,93.79%,94.16%,93.48%,93.67%,93.60%,93.48%,93.08%,92.70%,92.52%,92.97%,92.98%,92.63%,92.85%,93.76%,92.66%,94.85%,94.38%,94.47%,93.78%,93.54%,93.23%,93.59%,92.12%,90.21%,90.64%,91.94%,91.29%,91.97%,91.21%
Operating Margin,12.74%,10.98%,5.24%,13.67%,4.74%,11.97%,13.91%,13.94%,12.78%,12.64%,13.93%,13.63%,10.17%,10.43%,12.79%,11.20%,10.87%,8.88%,10.16%,9.90%,10.10%,8.12%,11.87%,11.62%,10.37%,5.94%,10.81%,11.13%,8.18%,12.07%,13.91%,12.49%,14.01%,13.34%,14.27%,12.88%,11.82%,11.08%,12.60%,6.38%
Profit Margin,7.79%,6.61%,3.18%,8.50%,2.85%,7.34%,8.73%,8.83%,8.29%,7.84%,8.67%,8.51%,-1.41%,7.52%,8.69%,7.78%,5.78%,7.86%,8.51%,8.64%,2.28%,6.47%,9.34%,9.55%,-0.52%,5.35%,8.64%,9.21%,-13.44%,20.92%,11.42%,10.05%,11.14%,10.92%,11.50%,10.69%,12.77%,8.27%,9.44%,5.35%
Free Cash Flow Margin,12.01%,14.14%,-6.45%,12.22%,4.25%,17.09%,6.39%,10.48%,1.84%,15.58%,10.22%,-0.93%,-0.03%,-4.44%,8.25%,0.63%,-23.46%,14.90%,10.52%,3.39%,7.50%,4.47%,3.24%,0.36%,4.09%,8.97%,11.07%,10.27%,-4.08%,16.14%,13.18%,10.38%,5.84%,16.13%,12.00%,6.58%,3.11%,7.62%,9.19%,4.48%
Effective Tax Rate,36.02%,35.98%,33.53%,35.05%,31.57%,35.47%,34.50%,34.02%,32.40%,35.26%,34.99%,34.97%,-,31.81%,34.69%,35.00%,20.06%,19.02%,22.90%,20.17%,16.57%,22.85%,23.55%,20.67%,-,22.80%,24.99%,22.50%,-,22.76%,22.12%,22.19%,21.93%,21.52%,22.94%,20.95%,22.70%,24.86%,23.49%,11.12%
EBITDA,"2,385","1,981","1,245","2,441","1,246","2,183","2,474","2,515","2,595","2,392","2,601","2,601",132,"2,366","2,792","2,620","2,094","2,410","2,617","2,568","1,236","2,177","2,938","2,952",598,"2,065","3,201","3,378","-3,401","7,103","4,342","3,908","4,889","4,330","4,630","4,220","5,537","3,544","3,739","2,304"
EBITDA Margin,15.93%,14.38%,8.73%,17.08%,7.84%,15.62%,17.55%,17.67%,16.16%,16.59%,17.78%,17.42%,0.75%,15.25%,17.53%,16.20%,11.04%,14.08%,14.99%,14.72%,6.23%,12.69%,16.28%,16.12%,2.91%,11.45%,15.65%,15.91%,-13.66%,31.01%,18.54%,16.86%,17.60%,17.76%,18.69%,17.47%,20.48%,15.46%,16.95%,10.94%
Depreciation & Amortization,467,468,473,485,497,506,510,527,541,552,555,554,563,554,562,572,594,596,542,524,545,568,575,587,630,648,661,677,712,722,739,738,754,764,762,774,888,834,828,837
EBIT,"1,918","1,513",772,"1,956",749,"1,677","1,964","1,988","2,054","1,840","2,046","2,047",-431,"1,812","2,230","2,048","1,500","1,814","2,075","2,044",691,"1,609","2,363","2,365",-32,"1,417","2,540","2,701","-4,113","6,381","3,603","3,170","4,135","3,566","3,868","3,446","4,649","2,710","2,911","1,467"
EBIT Margin,12.81%,10.98%,5.41%,13.69%,4.71%,12.00%,13.93%,13.96%,12.79%,12.76%,13.99%,13.71%,-2.44%,11.68%,14.00%,12.66%,7.91%,10.60%,11.89%,11.72%,3.48%,9.38%,13.09%,12.91%,-0.16%,7.86%,12.42%,12.72%,-16.52%,27.85%,15.38%,13.67%,14.89%,14.63%,15.62%,14.26%,17.20%,11.82%,13.20%,6.97%
