,2013-12-31,2014-03-31,2014-06-30,2014-09-30,2014-12-31,2015-03-31,2015-06-30,2015-09-30,2015-12-31,2016-03-31,2016-06-30,2016-09-30,2016-12-31,2017-03-31,2017-06-30,2017-09-30,2017-12-31,2018-03-31,2018-06-30,2018-09-30,2018-12-31,2019-03-31,2019-06-30,2019-09-30,2019-12-31,2020-03-31,2020-06-30,2020-09-30,2020-12-31,2021-03-31,2021-06-30,2021-09-30,2021-12-31,2022-03-31,2022-06-30,2022-09-30,2022-12-31,2023-03-31,2023-06-30,2023-09-30
Revenue,"4,556","4,452","4,809","4,623","4,826","4,588","4,707","4,812","4,854","4,654","5,070","5,013","4,895","4,894","5,047","5,156","5,210","5,099","5,284","5,326","5,433","5,173","5,430","5,528","5,248","4,755","4,077","5,304","5,284","6,271","5,926","6,027","5,670","5,457","5,672","5,934","5,144","6,714","6,320","6,485"
Revenue Growth (YoY),-1.24%,0.84%,6.16%,1.90%,5.93%,3.05%,-2.12%,4.09%,0.58%,1.44%,7.71%,4.18%,0.84%,5.16%,-0.45%,2.85%,6.44%,4.19%,4.70%,3.30%,4.28%,1.45%,2.76%,3.79%,-3.41%,-8.08%,-24.92%,-4.05%,0.69%,31.88%,45.35%,13.63%,7.31%,-12.98%,-4.29%,-1.54%,-9.28%,23.03%,11.42%,9.29%
Gross Profit,"4,556","4,452","4,809","4,623","4,826","4,588","4,707","4,812","4,854","4,654","5,070","5,013","4,895","4,894","5,047","5,156","5,210","5,099","5,284","5,326","5,433","5,173","5,430","5,528","5,248","4,755","4,077","5,304","5,284","6,271","5,926","6,027","5,670","5,457","5,672","5,934","5,144","6,714","6,320","6,485"
"Selling, General & Admin","2,128","2,107","2,110","2,111","2,210","2,186","2,223","2,274","2,255","2,284","2,386","2,411","2,252","2,423","2,463","2,471","2,729","2,613","2,631","2,626","2,724","2,682","2,729","2,772","2,816","2,782","2,824","2,876","2,878","3,024","3,018","3,097","3,223","3,133","3,147","3,216","3,468","3,726","3,747","3,742"
Other Operating Expenses,554,437,643,503,594,479,459,501,554,465,606,520,603,486,521,527,"1,170",442,454,418,556,405,424,372,585,534,494,495,486,355,369,332,310,369,577,421,575,829,822,788
Operating Expenses,"2,682","2,544","2,753","2,614","2,804","2,665","2,682","2,775","2,809","2,749","2,992","2,931","2,855","2,909","2,984","2,998","3,899","3,055","3,085","3,044","3,280","3,087","3,153","3,144","3,401","3,316","3,318","3,371","3,364","3,379","3,387","3,429","3,533","3,502","3,724","3,637","4,043","4,555","4,569","4,530"
Operating Income,"1,874","1,908","2,056","2,009","2,022","1,923","2,025","2,037","2,045","1,905","2,078","2,082","2,040","1,985","2,063","2,158","1,311","2,044","2,199","2,282","2,153","2,086","2,277","2,384","1,847","1,439",759,"1,933","1,920","2,892","2,539","2,598","2,137","1,955","1,948","2,297","1,101","2,159","1,751","1,955"
Other Expense / Income,15,15,14,15,13,13,14,14,13,15,14,14,13,13,12,6,4,7,8,7,6,9,7,9,7,8,6,6,6,5,6,6,5,1,3,4,5,6,8,1
Pretax Income,"1,859","1,893","2,042","1,994","2,009","1,910","2,011","2,023","2,032","1,890","2,064","2,068","2,027","1,972","2,051","2,152","1,307","2,037","2,191","2,275","2,147","2,077","2,270","2,375","1,840","1,431",753,"1,927","1,914","2,887","2,533","2,592","2,132","1,954","1,945","2,293","1,096","2,153","1,743","1,954"
Income Tax,403,496,547,523,521,479,528,534,556,504,542,566,549,499,551,589,-375,362,441,460,291,378,449,467,354,260,64,347,395,607,551,564,459,397,414,481,171,455,382,431
Net Income,"1,456","1,397","1,495","1,471","1,488","1,431","1,483","1,489","1,476","1,386","1,522","1,502","1,478","1,473","1,500","1,563","1,682","1,675","1,750","1,815","1,856","1,699","1,821","1,908","1,486","1,171",689,"1,580","1,519","2,280","1,982","2,028","1,673","1,557","1,531","1,812",925,"1,698","1,361","1,523"
Preferred Dividends,67,66,68,66,68,66,66,67,72,57,87,68,87,86,70,78,71,78,72,83,79,86,80,87,78,83,75,86,94,105,68,94,91,91,67,94,72,106,80,111
Net Income Common,"1,389","1,331","1,427","1,405","1,420","1,365","1,417","1,422","1,404","1,329","1,435","1,434","1,391","1,387","1,430","1,485","1,611","1,597","1,678","1,732","1,777","1,613","1,741","1,821","1,408","1,088",614,"1,494","1,425","2,175","1,914","1,934","1,582","1,466","1,464","1,718",853,"1,592","1,281","1,412"
Net Income Growth,2.97%,-1.99%,1.57%,0.36%,2.23%,2.55%,-0.70%,1.21%,-1.13%,-2.64%,1.27%,0.84%,-0.93%,4.36%,-0.35%,3.56%,15.82%,15.14%,17.34%,16.63%,10.30%,1.00%,3.75%,5.14%,-20.77%,-32.55%,-64.73%,-17.96%,1.21%,99.91%,211.73%,29.45%,11.02%,-32.60%,-23.51%,-11.17%,-46.08%,8.59%,-12.50%,-17.81%
Shares Outstanding (Basic),"1,824","1,818","1,811","1,798","1,785","1,781","1,771","1,758","1,746","1,737","1,725","1,710","1,700","1,694","1,684","1,672","1,659","1,652","1,642","1,629","1,613","1,602","1,590","1,575","1,557","1,518","1,506","1,506","1,506","1,502","1,489","1,483","1,483","1,485","1,486","1,486","1,501","1,532","1,533","1,548"
Shares Outstanding (Diluted),"1,834","1,828","1,821","1,807","1,795","1,789","1,779","1,766","1,754","1,743","1,731","1,716","1,706","1,701","1,690","1,678","1,665","1,657","1,646","1,633","1,617","1,605","1,592","1,578","1,556","1,519","1,507","1,507","1,507","1,503","1,490","1,484","1,484","1,486","1,487","1,486","1,502","1,532","1,533","1,549"
Shares Change,-2.50%,-2.09%,-1.73%,-1.95%,-2.13%,-2.13%,-2.31%,-2.27%,-2.28%,-2.57%,-2.70%,-2.83%,-2.74%,-2.41%,-2.37%,-2.21%,-2.40%,-2.59%,-2.60%,-2.68%,-2.88%,-3.14%,-3.28%,-3.37%,-3.77%,-5.36%,-5.34%,-4.50%,-3.15%,-1.05%,-1.13%,-1.53%,-1.53%,-1.13%,-0.20%,0.13%,1.21%,3.10%,3.09%,4.24%
EPS (Basic),0.76,0.73,0.79,0.78,0.80,0.77,0.80,0.81,0.80,0.77,0.83,0.84,0.81,0.82,0.85,0.89,0.97,0.97,1.02,1.06,1.10,1.01,1.09,1.16,0.90,0.72,0.41,0.99,0.94,1.45,1.29,1.30,1.07,0.99,0.99,1.16,0.56,1.04,0.84,0.91
EPS (Diluted),0.75,0.73,0.78,0.78,0.79,0.76,0.80,0.81,0.80,0.76,0.83,0.84,0.81,0.82,0.85,0.88,0.96,0.96,1.02,1.06,1.10,1.00,1.09,1.15,0.91,0.72,0.41,0.99,0.95,1.45,1.28,1.30,1.06,0.99,0.99,1.16,0.56,1.04,0.84,0.91
EPS Growth,4.17%,0%,2.63%,2.63%,5.33%,4.11%,2.56%,3.85%,1.27%,0%,3.75%,3.70%,1.25%,7.89%,2.41%,4.76%,18.52%,17.07%,20.00%,20.45%,14.58%,4.17%,6.86%,8.49%,-17.27%,-28.00%,-62.39%,-13.91%,4.40%,101.39%,212.20%,31.31%,11.58%,-31.72%,-22.66%,-10.77%,-47.17%,5.05%,-15.15%,-21.55%
Free Cash Flow,"2,789","2,772","1,112",582,866,"1,751","1,646","2,854","2,531","1,261","1,423",554,"2,098","3,190","1,589","1,862",-169,"1,434","3,255","3,225","2,650","1,296",609,"3,046",-62,"2,354",-853,"3,284","-1,069",937,"5,583","2,647",703,"8,477","2,249","3,505","6,888",842,"3,316","3,873"
Free Cash Flow Per Share,1.53,1.52,0.61,0.32,0.48,0.98,0.93,1.62,1.45,0.73,0.82,0.32,1.23,1.88,0.94,1.11,-0.10,0.87,1.98,1.98,1.64,0.81,0.38,1.93,-0.04,1.55,-0.57,2.18,-0.71,0.62,3.75,1.78,0.47,5.71,1.51,2.36,4.59,0.55,2.16,2.50
Dividend Per Share,0.230,0.230,0.245,0.245,0.245,0.245,0.255,0.255,0.255,0.255,0.255,0.280,0.280,0.280,0.280,0.300,0.300,0.300,0.300,0.370,0.370,0.370,0.370,0.420,0.420,0.420,0.420,0.420,0.420,0.420,0.420,0.460,0.460,0.460,0.460,0.480,0.480,0.480,0.480,0.480
Dividend Growth,17.95%,17.95%,6.52%,6.52%,6.52%,6.52%,4.08%,4.08%,4.08%,4.08%,0%,9.80%,9.80%,9.80%,9.80%,7.14%,7.14%,7.14%,7.14%,23.33%,23.33%,23.33%,23.33%,13.51%,13.51%,13.51%,13.51%,0%,0%,0%,0%,9.52%,9.52%,9.52%,9.52%,4.35%,4.35%,4.35%,4.35%,0%
Gross Margin,100.00%,100.00%,100.00%,100.00%,100.00%,100.00%,100.00%,100.00%,100.00%,100.00%,100.00%,100.00%,100.00%,100.00%,100.00%,100.00%,100.00%,100.00%,100.00%,100.00%,100.00%,100.00%,100.00%,100.00%,100.00%,100.00%,100.00%,100.00%,100.00%,100.00%,100.00%,100.00%,100.00%,100.00%,100.00%,100.00%,100.00%,100.00%,100.00%,100.00%
Operating Margin,41.13%,42.86%,42.75%,43.46%,41.90%,41.91%,43.02%,42.33%,42.13%,40.93%,40.99%,41.53%,41.68%,40.56%,40.88%,41.85%,25.16%,40.09%,41.62%,42.85%,39.63%,40.32%,41.93%,43.13%,35.19%,30.26%,18.62%,36.44%,36.34%,46.12%,42.85%,43.11%,37.69%,35.83%,34.34%,38.71%,21.40%,32.16%,27.71%,30.15%
Profit Margin,30.49%,29.90%,29.67%,30.39%,29.42%,29.75%,30.10%,29.55%,28.92%,28.56%,28.30%,28.61%,28.42%,28.34%,28.33%,28.80%,30.92%,31.32%,31.76%,32.52%,32.71%,31.18%,32.06%,32.94%,26.83%,22.88%,15.06%,28.17%,26.97%,34.68%,32.30%,32.09%,27.90%,26.86%,25.81%,28.95%,16.58%,23.71%,20.27%,21.77%
Free Cash Flow Margin,61.22%,62.26%,23.12%,12.59%,17.94%,38.16%,34.97%,59.31%,52.14%,27.09%,28.07%,11.05%,42.86%,65.18%,31.48%,36.11%,-3.24%,28.12%,61.60%,60.55%,48.78%,25.05%,11.22%,55.10%,-1.18%,49.51%,-20.92%,61.92%,-20.23%,14.94%,94.21%,43.92%,12.40%,155.34%,39.65%,59.07%,133.90%,12.54%,52.47%,59.72%
Effective Tax Rate,21.68%,26.20%,26.79%,26.23%,25.93%,25.08%,26.26%,26.40%,27.36%,26.67%,26.26%,27.37%,27.08%,25.30%,26.86%,27.37%,-28.69%,17.77%,20.13%,20.22%,13.55%,18.20%,19.78%,19.66%,19.24%,18.17%,8.50%,18.01%,20.64%,21.03%,21.75%,21.76%,21.53%,20.32%,21.29%,20.98%,15.60%,21.13%,21.92%,22.06%
EBITDA,"1,990","2,016","2,165","2,121","2,137","2,030","2,131","2,141","2,155","2,009","2,181","2,185","2,144","2,089","2,167","2,269","1,425","2,150","2,306","2,393","2,268","2,197","2,395","2,502","1,970","1,560",884,"2,060","2,048","3,009","2,657","2,718","2,257","2,086","2,070","2,421","1,271","2,410","1,998","2,210"
EBITDA Margin,43.68%,45.28%,45.02%,45.88%,44.28%,44.25%,45.27%,44.49%,44.40%,43.17%,43.02%,43.59%,43.80%,42.68%,42.94%,44.01%,27.35%,42.17%,43.64%,44.93%,41.74%,42.47%,44.11%,45.26%,37.54%,32.81%,21.68%,38.84%,38.76%,47.98%,44.84%,45.10%,39.81%,38.23%,36.50%,40.80%,24.71%,35.90%,31.61%,34.08%
Depreciation & Amortization,131,123,123,127,128,120,120,118,123,119,117,117,117,117,116,117,118,113,115,118,121,120,125,127,130,129,131,133,134,122,124,126,125,132,125,128,175,257,255,256
EBIT,"1,859","1,893","2,042","1,994","2,009","1,910","2,011","2,023","2,032","1,890","2,064","2,068","2,027","1,972","2,051","2,152","1,307","2,037","2,191","2,275","2,147","2,077","2,270","2,375","1,840","1,431",753,"1,927","1,914","2,887","2,533","2,592","2,132","1,954","1,945","2,293","1,096","2,153","1,743","1,954"
EBIT Margin,40.80%,42.52%,42.46%,43.13%,41.63%,41.63%,42.72%,42.04%,41.86%,40.61%,40.71%,41.25%,41.41%,40.29%,40.64%,41.74%,25.09%,39.95%,41.46%,42.71%,39.52%,40.15%,41.80%,42.96%,35.06%,30.09%,18.47%,36.33%,36.22%,46.04%,42.74%,43.01%,37.60%,35.81%,34.29%,38.64%,21.31%,32.07%,27.58%,30.13%
