,2014-01-24,2014-04-25,2014-07-25,2014-10-24,2015-01-23,2015-04-24,2015-07-31,2015-10-30,2016-01-29,2016-04-29,2016-07-29,2016-10-28,2017-01-27,2017-04-28,2017-07-28,2017-10-27,2018-01-26,2018-04-27,2018-07-27,2018-10-26,2019-01-25,2019-04-26,2019-07-26,2019-10-25,2020-01-24,2020-04-24,2020-07-31,2020-10-30,2021-01-29,2021-04-30,2021-07-30,2021-10-29,2022-01-28,2022-04-29,2022-07-29,2022-10-28,2023-01-27,2023-04-28,2023-07-28,2023-10-27
Revenue,"1,610","1,649","1,489","1,543","1,551","1,540","1,335","1,445","1,386","1,380","1,294","1,340","1,404","1,453","1,321","1,415","1,539","1,644","1,474","1,517","1,563","1,592","1,236","1,371","1,404","1,401","1,303","1,416","1,470","1,555","1,458","1,566","1,614","1,680","1,592","1,663","1,526","1,581","1,432","1,562"
Revenue Growth (YoY),-1.23%,-3.94%,-1.79%,-0.45%,-3.66%,-6.60%,-10.34%,-6.35%,-10.64%,-10.39%,-3.07%,-7.27%,1.30%,5.29%,2.09%,5.60%,9.62%,13.15%,11.58%,7.21%,1.56%,-3.16%,-16.15%,-9.62%,-10.17%,-12.00%,5.42%,3.28%,4.70%,10.99%,11.90%,10.59%,9.80%,8.04%,9.19%,6.19%,-5.45%,-5.89%,-10.05%,-6.07%
Cost of Revenue,607.7,607,551,560,574,605,519,561,531,562,497,511,553,566,497,515,583,615,511,543,581,566,420,446,463,460,431,483,495,520,459,507,541,591,546,576,525,506,436,452
Gross Profit,"1,002","1,042",938,983,977,935,816,884,855,818,797,829,851,887,824,900,956,"1,029",963,974,982,"1,026",816,925,941,941,872,933,975,"1,035",999,"1,059","1,073","1,089","1,046","1,087","1,001","1,075",996,"1,110"
"Selling, General & Admin",545.3,548.5,550,561,545,541,571,522,488,518,497,487,445,493,491,490,491,514,482,477,468,508,476,458,462,452,490,499,499,513,517,541,526,552,530,546,509,509,542,536
Research & Development,230.3,231.4,228,229,230,233,244,216,200,201,207,200,181,191,193,194,193,203,208,211,203,205,215,209,211,212,233,212,215,221,210,216,220,235,240,243,230,243,247,262
Other Operating Expenses,0,38.5,0,0,0,0,27,1,2,35,0,0,42,0,0,0,-218,0,19,0,0,-57,21,-38,0,0,13,40,3,-154,23,8,6,9,21,16,90,14,29,8
Operating Expenses,775.6,818.4,778,790,775,774,842,739,690,754,704,687,668,684,684,684,466,717,709,688,671,656,712,629,673,664,736,751,717,580,750,765,752,796,791,805,829,766,818,806
Operating Income,226.7,223.5,160,193,202,161,-26,145,165,64,93,142,183,203,140,216,490,312,254,286,311,370,104,296,268,277,136,182,258,455,249,294,321,293,255,282,172,309,178,304
Interest Expense / Income,6.7,-29.7,0,0,0,0,0,0,0,0,0,0,0,0,0,0,0,0,0,0,0,0,0,0,0,0,0,0,0,0,0,0,0,0,0,0,0,0,0,0
Other Expense / Income,-9.6,26.3,-,4,2,-3,-4,1,2,4,1,-,-,-1,-5,-6,-14,-16,-18,-7,-8,-14,-15,-3,-8,27,32,7,11,19,12,14,15,21,-15,-23,-5,-5,-8,-11
Pretax Income,229.6,226.9,160,189,200,164,-22,144,163,60,92,142,183,204,145,222,504,328,272,293,319,384,119,299,276,250,104,175,247,436,237,280,306,272,270,305,177,314,186,315
Income Tax,37.5,29.4,72,29,23,29,8,30,10,68,28,33,37,42,14,48,983,38,-11,52,70,-12,16,56,-1,54,27,38,65,102,35,56,54,13,56,-445,112,69,37,82
Net Income,192.1,197.5,88,160,177,135,-30,114,153,-8,64,109,146,162,131,174,-479,290,283,241,249,396,103,243,277,196,77,137,182,334,202,224,252,259,214,750,65,245,149,233
Net Income Growth,21.51%,13.64%,7.84%,-4.08%,-7.86%,-31.65%,-,-28.75%,-13.56%,-,-,-4.39%,-4.58%,-,104.69%,59.63%,-,79.01%,116.03%,38.51%,-,36.55%,-63.60%,0.83%,11.24%,-50.51%,-25.24%,-43.62%,-34.30%,70.41%,162.34%,63.50%,38.46%,-22.46%,5.94%,234.82%,-74.21%,-5.41%,-30.37%,-68.93%
Shares Outstanding (Basic),339,329,323,318,312,310,304,294,293,285,279,278,274,269,270,269,268,265,262,258,250,245,239,235,226,221,221,222,223,222,223,223,223,223,220,217,216,214,212,208
Shares Outstanding (Diluted),346,337,329,323,317,315,304,296,296,288,282,284,281,278,278,275,268,297,269,264,255,247,243,236,229,224,222,224,227,229,229,229,229,229,224,220,219,217,216,211
Shares Change,-5.07%,-8.38%,-8.59%,-7.48%,-8.43%,-6.50%,-7.60%,-8.36%,-6.62%,-8.57%,-7.24%,-4.05%,-5.07%,-3.47%,-1.42%,-3.17%,-4.63%,6.83%,-3.24%,-4.00%,-4.85%,-16.84%,-9.67%,-10.61%,-10.20%,-9.31%,-8.64%,-5.08%,-0.87%,2.23%,3.15%,2.23%,0.88%,-,-2.18%,-3.93%,-4.37%,-5.24%,-3.57%,-4.09%
EPS (Basic),0.57,0.59,0.27,0.50,0.57,0.43,-0.10,0.39,0.52,-0.02,0.23,0.39,0.53,0.60,0.49,0.65,-1.79,1.08,1.08,0.93,1.00,1.59,0.43,1.03,1.23,0.89,0.35,0.62,0.82,1.51,0.91,1.00,1.13,1.16,0.97,3.46,0.30,1.15,0.70,1.12
EPS (Diluted),0.55,0.58,0.27,0.49,0.56,0.44,-0.10,0.39,0.52,-0.02,0.23,0.38,0.52,0.58,0.47,0.63,-1.79,1.07,1.05,0.91,0.98,1.57,0.42,1.03,1.21,0.88,0.35,0.61,0.80,1.47,0.88,0.98,1.10,1.13,0.96,3.41,0.30,1.13,0.69,1.10
EPS Growth,27.91%,23.40%,17.39%,2.08%,1.82%,-24.14%,-,-20.41%,-7.14%,-,-,-2.56%,0%,-,104.35%,65.79%,-,84.48%,123.40%,44.44%,-,46.73%,-60.00%,13.19%,23.47%,-43.95%,-16.67%,-40.78%,-33.88%,67.05%,151.43%,60.66%,37.50%,-23.13%,9.09%,247.96%,-72.73%,0%,-28.13%,-67.74%
Free Cash Flow,273.9,314.3,158,330,246,359,91,99,314,412,192,102,190,327,214,285,598,446,262,122,420,364,278,7,388,359,194,121,341,886,191,252,199,343,216,137,319,196,418,97
Free Cash Flow Per Share,0.81,0.96,0.49,1.04,0.79,1.16,0.30,0.34,1.07,1.45,0.69,0.37,0.69,1.22,0.79,1.06,2.23,1.68,1.00,0.47,1.68,1.49,1.16,0.03,1.72,1.62,0.88,0.55,1.53,3.99,0.86,1.13,0.89,1.54,0.98,0.63,1.48,0.92,1.97,0.47
Dividend Per Share,0.150,0.150,0.165,0.165,0.165,0.165,0.180,0.180,0.180,0.180,0.190,0.190,0.190,0.190,0.200,0.200,0.200,0.200,0.400,0.400,0.400,0.400,0.480,0.480,0.480,0.480,0.480,0.480,0.480,0.480,0.500,0.500,0.500,0.500,0.500,0.500,0.500,0.500,0.500,0.500
Dividend Growth,-,-,10.00%,10.00%,10.00%,10.00%,9.09%,9.09%,9.09%,9.09%,5.56%,5.56%,5.56%,5.56%,5.26%,5.26%,5.26%,5.26%,100.00%,100.00%,100.00%,100.00%,20.00%,20.00%,20.00%,20.00%,0%,0%,0%,0%,4.17%,4.17%,4.17%,4.17%,0%,0%,0%,0%,0%,0%
Gross Margin,62.25%,63.19%,63.00%,63.71%,62.99%,60.71%,61.12%,61.18%,61.69%,59.28%,61.59%,61.87%,60.61%,61.05%,62.38%,63.60%,62.12%,62.59%,65.33%,64.21%,62.83%,64.45%,66.02%,67.47%,67.02%,67.17%,66.92%,65.89%,66.33%,66.56%,68.52%,67.62%,66.48%,64.82%,65.70%,65.36%,65.60%,67.99%,69.55%,71.06%
Operating Margin,14.08%,13.55%,10.75%,12.51%,13.02%,10.45%,-1.95%,10.03%,11.90%,4.64%,7.19%,10.60%,13.03%,13.97%,10.60%,15.27%,31.84%,18.98%,17.23%,18.85%,19.90%,23.24%,8.41%,21.59%,19.09%,19.77%,10.44%,12.85%,17.55%,29.26%,17.08%,18.77%,19.89%,17.44%,16.02%,16.96%,11.27%,19.54%,12.43%,19.46%
Profit Margin,11.93%,11.98%,5.91%,10.37%,11.41%,8.77%,-2.25%,7.89%,11.04%,-0.58%,4.95%,8.13%,10.40%,11.15%,9.92%,12.30%,-31.12%,17.64%,19.20%,15.89%,15.93%,24.87%,8.33%,17.72%,19.73%,13.99%,5.91%,9.68%,12.38%,21.48%,13.85%,14.30%,15.61%,15.42%,13.44%,45.10%,4.26%,15.50%,10.41%,14.92%
Free Cash Flow Margin,17.01%,19.06%,10.61%,21.39%,15.86%,23.31%,6.82%,6.85%,22.66%,29.86%,14.84%,7.61%,13.53%,22.51%,16.20%,20.14%,38.86%,27.13%,17.77%,8.04%,26.87%,22.86%,22.49%,0.51%,27.64%,25.62%,14.89%,8.55%,23.20%,56.98%,13.10%,16.09%,12.33%,20.42%,13.57%,8.24%,20.90%,12.40%,29.19%,6.21%
Effective Tax Rate,16.33%,12.96%,45.00%,15.34%,11.50%,17.68%,-,20.83%,6.13%,113.33%,30.43%,23.24%,20.22%,20.59%,9.66%,21.62%,195.04%,11.59%,-4.04%,17.75%,21.94%,-3.13%,13.45%,18.73%,-0.36%,21.60%,25.96%,21.71%,26.32%,23.39%,14.77%,20.00%,17.65%,4.78%,20.74%,-145.90%,63.28%,21.97%,19.89%,26.03%
EBITDA,319.9,279.2,238,266,280,236,47,211,229,137,152,199,239,257,196,273,552,376,321,342,370,432,181,362,336,309,166,244,313,498,296,341,369,338,342,377,255,392,261,391
EBITDA Margin,19.87%,16.93%,15.98%,17.24%,18.05%,15.32%,3.52%,14.60%,16.52%,9.93%,11.75%,14.85%,17.02%,17.69%,14.84%,19.29%,35.87%,22.87%,21.78%,22.54%,23.67%,27.14%,14.64%,26.40%,23.93%,22.06%,12.74%,17.23%,21.29%,32.03%,20.30%,21.78%,22.86%,20.12%,21.48%,22.67%,16.71%,24.79%,18.23%,25.03%
Depreciation & Amortization,83.6,82,78,77,80,72,69,67,66,77,60,57,56,53,51,51,48,48,49,49,51,48,62,63,60,59,62,69,66,62,59,61,63,66,72,72,78,78,75,76
EBIT,236.3,197.2,160,189,200,164,-22,144,163,60,92,142,183,204,145,222,504,328,272,293,319,384,119,299,276,250,104,175,247,436,237,280,306,272,270,305,177,314,186,315
EBIT Margin,14.68%,11.96%,10.75%,12.25%,12.89%,10.65%,-1.65%,9.97%,11.76%,4.35%,7.11%,10.60%,13.03%,14.04%,10.98%,15.69%,32.75%,19.95%,18.45%,19.31%,20.41%,24.12%,9.63%,21.81%,19.66%,17.84%,7.98%,12.36%,16.80%,28.04%,16.26%,17.88%,18.96%,16.19%,16.96%,18.34%,11.60%,19.86%,12.99%,20.17%
