,2014-05-02,2014-08-01,2014-10-31,2015-01-30,2015-04-03,2015-07-03,2015-10-02,2016-01-01,2016-04-01,2016-07-01,2016-09-30,2016-12-30,2017-03-31,2017-06-30,2017-09-29,2017-12-29,2018-03-30,2018-06-29,2018-09-28,2018-12-28,2019-03-29,2019-06-28,2019-09-27,2020-01-03,2020-04-03,2020-07-03,2020-10-02,2021-01-01,2021-04-02,2021-07-02,2021-10-01,2021-12-31,2022-04-01,2022-07-01,2022-09-30,2022-12-30,2023-03-31,2023-06-30,2023-09-29,2023-12-29
Revenue,"1,312","1,306","1,276","1,169","1,246","1,257","1,302",907,"1,312","1,288","1,868","2,575","2,580","2,571","2,503","2,516","2,443","2,529","2,575","2,647","2,577","2,728","2,835","2,954","2,889","2,914","3,242","3,252","3,315","3,448","3,483","3,491","3,494","3,597","3,608","3,697","3,699","3,838","3,921","3,980"
Revenue Growth (YoY),-17.85%,-10.36%,-9.76%,-9.45%,-5.03%,-3.75%,2.04%,-22.41%,5.30%,2.47%,43.47%,183.90%,96.65%,99.61%,33.99%,-2.29%,-5.31%,-1.63%,2.88%,5.21%,5.49%,7.87%,10.10%,11.60%,12.11%,6.82%,14.36%,10.09%,14.75%,18.33%,7.43%,7.35%,5.40%,4.32%,3.59%,5.90%,5.87%,6.70%,8.68%,7.65%
Cost of Revenue,"1,141","1,119","1,115","1,017","1,093","1,113","1,138",802,"1,154","1,141","1,630","2,178","2,233","2,190","2,136","2,179","2,086","2,152","2,174","2,278","2,221","2,348","2,450","2,527","2,494","2,531","2,774","2,761","2,848","2,950","2,942","2,983","2,982","3,059","3,095","3,176","3,204","3,271","3,334","3,385"
Gross Profit,171,187,161,152,153,144,164,105,158,147,238,397,347,381,367,337,357,377,401,369,356,380,385,427,395,383,468,491,467,498,541,508,512,538,513,521,495,567,587,595
"Selling, General & Admin",84,87,72,70,75,51,53,22,60,56,88,218,181,186,194,176,178,174,194,182,166,175,177,171,197,195,200,187,159,224,233,226,236,262,232,221,233,237,239,233
Other Operating Expenses,0,510,17,45,40,29,17,-41,9,16,49,37,32,22,27,68,24,8,8,5,2,1,-35,-3,12,-54,7,9,5,9,8,18,3,8,4,42,3,6,692,10
Operating Expenses,84,597,89,115,115,80,70,-19,69,72,137,255,213,208,221,244,202,182,202,187,168,176,142,168,209,141,207,196,164,233,241,244,239,270,236,263,236,243,931,243
Operating Income,87,-410,72,37,38,64,94,124,89,75,101,142,134,173,146,93,155,195,199,182,188,204,243,259,186,242,261,295,303,265,300,264,273,268,277,258,259,324,-344,352
Interest Expense / Income,20,19,18,18,14,14,15,10,14,15,28,29,36,34,35,35,34,35,35,34,38,33,28,34,48,41,44,46,45,46,47,46,48,50,50,51,54,56,53,49
Other Expense / Income,6,-,4,-23,-17,-2,-1,-67,-3,-,-1,9,-8,4,-8,23,-4,-4,-6,-2,-96,-6,2,-2,8,10,3,4,-4,-3,-4,-2,5,-6,8,-8,-,-3,-6,-6
Pretax Income,61,-429,50,42,41,52,80,181,78,60,74,104,106,135,119,35,125,164,170,150,246,177,213,227,130,191,214,245,262,222,257,220,220,224,219,215,205,271,-391,309
Income Tax,24,9,16,-2,0,15,31,66,25,19,-17,45,34,37,37,-79,23,20,23,-38,57,41,52,46,15,38,51,48,57,53,52,46,45,53,57,38,43,64,8,80
Net Income,37,-438,34,44,41,37,49,115,53,41,91,59,72,98,82,114,102,144,147,188,189,136,161,181,115,153,163,197,205,169,205,174,175,171,162,177,162,207,-399,229
Net Income Growth,-54.32%,-,-,0%,10.81%,-,44.12%,161.36%,29.27%,10.81%,85.71%,-48.70%,35.85%,139.02%,-9.89%,93.22%,41.67%,46.94%,79.27%,64.91%,85.29%,-5.56%,9.52%,-3.72%,-39.15%,12.50%,1.24%,8.84%,78.26%,10.46%,25.77%,-11.68%,-14.63%,1.18%,-20.98%,1.72%,-7.43%,21.05%,-,29.38%
Shares Outstanding (Basic),77,74,73,74,73,73,72,72,72,73,112,150,150,151,151,151,151,152,150,150,146,144,144,142,141,142,142,142,142,141,142,140,141,137,137,137,137,137,137,138
Shares Outstanding (Diluted),78,74,74,-,75,74,73,-,74,74,114,-,-,-,-,-,-,-,-,-,-,-,-,-,-,-,-,-,-,-,-,-,-,-,-,-,-,-,-,-
Shares Change,-8.75%,-13.58%,-13.63%,-13.50%,-3.85%,-,-1.35%,-2.66%,-1.33%,-,56.16%,108.57%,103.18%,104.10%,32.64%,0.61%,0.74%,0.50%,-0.48%,-1.01%,-3.50%,-4.99%,-4.44%,-5.47%,-3.26%,-1.50%,-1.12%,0.53%,0.35%,-0.44%,-0.44%,-1.39%,-0.98%,-3.36%,-3.55%,-2.60%,-2.54%,0.37%,0.59%,0.60%
EPS (Basic),0.48,-5.92,0.47,0.53,0.56,0.51,0.68,1.57,0.74,0.56,0.81,0.21,0.48,0.65,0.54,0.74,0.67,0.95,0.97,1.26,1.30,0.94,1.13,1.28,0.81,1.08,1.15,1.38,1.44,1.20,1.45,1.23,1.26,1.25,1.18,1.29,1.18,1.51,-2.91,1.67
EPS (Diluted),0.47,-5.92,0.46,0.53,0.55,0.50,0.67,1.55,0.72,0.55,0.80,0.22,0.47,0.64,0.53,0.73,0.66,0.94,0.96,1.25,1.29,0.93,1.11,1.27,0.80,1.06,1.13,1.37,1.42,1.18,1.43,1.22,1.25,1.24,1.17,1.28,1.17,1.50,-2.91,1.66
EPS Growth,-48.91%,-,-,-3.64%,17.02%,-,45.65%,192.45%,30.91%,10.00%,19.40%,-85.81%,-34.72%,16.36%,-33.75%,231.82%,40.43%,46.87%,81.13%,71.23%,95.45%,-1.06%,15.63%,1.60%,-37.98%,13.98%,1.80%,7.87%,77.50%,11.32%,26.55%,-10.95%,-11.97%,5.08%,-18.18%,4.92%,-6.40%,20.97%,-,29.69%
Free Cash Flow,-14,110,167,119,-32,151,266,42,-15,69,257,112,-78,157,248,126,7,258,346,84,354,170,328,115,328,376,572,-113,213,-4,541,179,65,30,702,72,-137,124,745,226
Free Cash Flow Per Share,-0.18,1.49,2.29,1.61,-0.44,2.07,3.69,0.58,-0.21,0.94,2.29,0.74,-0.52,1.04,1.64,0.83,0.05,1.70,2.30,0.56,2.42,1.18,2.28,0.81,2.32,2.65,4.02,-0.79,1.50,-0.03,3.82,1.27,0.46,0.22,5.14,0.53,-1.00,0.90,5.42,1.64
Dividend Per Share,0.320,0.320,0.320,0.320,-,0.320,0.320,0.640,0.320,0.320,13.960,0.320,0.320,0.320,0.320,0.320,0.320,0.320,0.320,0.320,0.320,0.320,0.340,0.340,0.340,0.340,0.340,0.340,0.340,0.340,0.360,0.360,0.360,0.360,0.360,0.360,0.360,0.360,0.360,0.380
Dividend Growth,-33.33%,-92.86%,0%,0%,-,0%,0%,100.00%,-,0%,4262.50%,-50.00%,0%,0%,-97.71%,0%,0%,0%,0%,0%,0%,0%,6.25%,6.25%,6.25%,6.25%,0%,0%,0%,0%,5.88%,5.88%,5.88%,5.88%,0%,0%,0%,0%,0%,5.56%
Gross Margin,13.03%,14.32%,12.62%,13.00%,12.28%,11.46%,12.60%,11.58%,12.04%,11.41%,12.74%,15.42%,13.45%,14.82%,14.66%,13.39%,14.61%,14.91%,15.57%,13.94%,13.81%,13.93%,13.58%,14.45%,13.67%,13.14%,14.44%,15.10%,14.09%,14.44%,15.53%,14.55%,14.65%,14.96%,14.22%,14.09%,13.38%,14.77%,14.97%,14.95%
Operating Margin,6.63%,-31.39%,5.64%,3.17%,3.05%,5.09%,7.22%,13.67%,6.78%,5.82%,5.41%,5.51%,5.19%,6.73%,5.83%,3.70%,6.34%,7.71%,7.73%,6.88%,7.30%,7.48%,8.57%,8.77%,6.44%,8.30%,8.05%,9.07%,9.14%,7.69%,8.61%,7.56%,7.81%,7.45%,7.68%,6.98%,7.00%,8.44%,-8.77%,8.84%
Profit Margin,2.82%,-33.54%,2.66%,3.76%,3.29%,2.94%,3.76%,12.68%,4.04%,3.18%,4.87%,2.29%,2.79%,3.81%,3.28%,4.53%,4.18%,5.69%,5.71%,7.10%,7.33%,4.99%,5.68%,6.13%,3.98%,5.25%,5.03%,6.06%,6.18%,4.90%,5.89%,4.98%,5.01%,4.75%,4.49%,4.79%,4.38%,5.39%,-10.18%,5.75%
Free Cash Flow Margin,-1.07%,8.42%,13.09%,10.18%,-2.57%,12.01%,20.43%,4.63%,-1.14%,5.36%,13.76%,4.35%,-3.02%,6.11%,9.91%,5.01%,0.29%,10.20%,13.44%,3.17%,13.74%,6.23%,11.57%,3.89%,11.35%,12.90%,17.64%,-3.47%,6.43%,-0.12%,15.53%,5.13%,1.86%,0.83%,19.46%,1.95%,-3.70%,3.23%,19.00%,5.68%
Effective Tax Rate,39.34%,-,32.00%,-4.76%,-,28.85%,38.75%,36.46%,32.05%,31.67%,-22.97%,43.27%,32.08%,27.41%,31.09%,-225.71%,18.40%,12.20%,13.53%,-25.33%,23.17%,23.16%,24.41%,20.26%,11.54%,19.90%,23.83%,19.59%,21.76%,23.87%,20.23%,20.91%,20.45%,23.66%,26.03%,17.67%,20.98%,23.62%,-,25.89%
EBITDA,99,-394,84,72,67,78,106,197,100,84,139,201,224,249,246,152,222,265,269,248,342,267,300,321,239,303,340,359,384,348,391,347,353,357,350,350,341,411,-256,441
EBITDA Margin,7.55%,-30.17%,6.58%,6.16%,5.38%,6.21%,8.14%,21.72%,7.62%,6.52%,7.44%,7.81%,8.68%,9.68%,9.83%,6.04%,9.09%,10.48%,10.45%,9.37%,13.27%,9.79%,10.58%,10.87%,8.27%,10.40%,10.49%,11.04%,11.58%,10.09%,11.23%,9.94%,10.10%,9.92%,9.70%,9.47%,9.22%,10.71%,-6.53%,11.08%
Depreciation & Amortization,18,16,16,12,12,12,11,6,8,9,37,68,82,80,92,82,63,66,64,64,58,57,59,60,61,71,82,68,77,80,87,81,85,83,81,84,82,84,82,83
EBIT,81,-410,68,60,55,66,95,191,92,75,102,133,142,169,154,70,159,199,205,184,284,210,241,261,178,232,258,291,307,268,304,266,268,274,269,266,259,327,-338,358
EBIT Margin,6.17%,-31.39%,5.33%,5.13%,4.41%,5.25%,7.30%,21.06%,7.01%,5.82%,5.46%,5.17%,5.50%,6.57%,6.15%,2.78%,6.51%,7.87%,7.96%,6.95%,11.02%,7.70%,8.50%,8.84%,6.16%,7.96%,7.96%,8.95%,9.26%,7.77%,8.73%,7.62%,7.67%,7.62%,7.46%,7.20%,7.00%,8.52%,-8.62%,8.99%
