,2014-03-30,2014-06-29,2014-09-28,2014-12-28,2015-03-29,2015-06-28,2015-09-27,2015-12-27,2016-03-27,2016-06-26,2016-09-25,2016-12-25,2017-03-26,2017-06-25,2017-09-24,2017-12-24,2018-03-25,2018-06-24,2018-09-30,2018-12-30,2019-03-31,2019-06-30,2019-09-29,2019-12-29,2020-03-29,2020-06-28,2020-09-27,2020-12-27,2021-03-28,2021-06-27,2021-09-26,2021-12-26,2022-03-27,2022-06-26,2022-09-25,2022-12-25,2023-03-26,2023-06-25,2023-09-24,2023-12-24
Revenue,"6,367","6,806","6,692","7,099","6,894","5,832","5,456","5,775","5,551","6,044","6,184","5,999","5,016","5,371","5,871","6,035","5,220","5,577","5,778","4,842","4,982","9,635","4,814","5,077","5,216","4,893","8,346","8,235","7,935","8,060","9,336","10,705","11,164","10,936","11,395","9,463","9,275","8,451","8,631","9,935"
Revenue Growth (YoY),3.97%,9.02%,3.26%,7.20%,8.28%,-14.31%,-18.47%,-18.65%,-19.48%,3.64%,13.34%,3.88%,-9.64%,-11.14%,-5.06%,0.60%,4.07%,3.84%,-1.58%,-19.77%,-4.56%,72.76%,-16.68%,4.85%,4.70%,-49.22%,73.37%,62.20%,52.13%,64.73%,11.86%,29.99%,40.69%,35.68%,22.05%,-11.60%,-16.92%,-22.72%,-24.26%,4.99%
Cost of Revenue,"2,482","2,740","2,757","3,047","2,628","2,451","2,252","2,534","2,141","2,534","2,539","2,443","2,208","2,488","2,652","2,663","2,239","2,491","2,850","2,188","2,179","2,114","2,118","2,113","2,297","2,080","2,766","3,489","3,432","3,404","3,937","4,303","4,648","4,816","4,868","4,044","4,153","3,792","3,880","4,312"
Gross Profit,"3,885","4,066","3,935","4,052","4,266","3,381","3,204","3,241","3,410","3,510","3,645","3,556","2,808","2,883","3,219","3,372","2,981","3,086","2,928","2,654","2,803","7,521","2,696","2,964","2,919","2,813","5,580","4,746","4,503","4,656","5,399","6,402","6,516","6,120","6,527","5,419","5,122","4,659","4,751","5,623"
"Selling, General & Admin",539,582,545,583,545,621,595,578,619,620,568,591,615,710,741,773,869,655,689,526,573,547,549,528,483,511,551,567,557,597,618,608,624,655,683,623,614,618,629,627
Research & Development,"1,356","1,429","1,364","1,352","1,375","1,407","1,357","1,352","1,301","1,268","1,229","1,311","1,386","1,391","1,398","1,420","1,402","1,416","1,388","1,269","1,308","1,380","1,441","1,406","1,468","1,520","1,582","1,653","1,780","1,864","1,879","1,930","2,034","2,052","2,178","2,251","2,210","2,222","2,135","2,096"
Other Operating Expenses,0,-20,34,53,"1,010",118,112,-374,75,30,44,876,78,9,780,"1,183",310,112,"1,530",149,-18,277,6,0,-23,0,-5,0,0,0,0,0,0,"-1,059",0,80,208,-4,577,-28
Operating Expenses,"1,895","1,991","1,943","1,988","2,930","2,146","2,064","1,556","1,995","1,918","1,841","2,778","2,079","2,110","2,919","3,376","2,581","2,183","3,607","1,944","1,863","2,204","1,996","1,934","1,928","2,031","2,128","2,220","2,337","2,461","2,497","2,538","2,658","1,648","2,861","2,954","3,032","2,836","3,341","2,695"
Operating Income,"1,990","2,075","1,992","2,064","1,336","1,235","1,140","1,685","1,415","1,592","1,804",778,729,773,300,-4,400,903,-679,710,940,"5,317",700,"1,030",991,782,"3,452","2,526","2,166","2,195","2,902","3,864","3,858","4,472","3,666","2,465","2,090","1,823","1,410","2,928"
Interest Expense / Income,0,0,5,1,1,32,70,74,72,75,76,90,107,133,164,170,179,212,207,156,162,160,150,148,146,143,166,141,141,138,138,139,137,70,145,170,179,172,173,178
Other Expense / Income,-283,-423,-265,-236,-205,-196,-182,-101,-127,-177,-232,-183,-235,-219,-265,-114,-96,-243,-85,-5,-28,-344,-64,-65,247,-229,-20,-219,-104,-200,-521,-140,298,163,101,-38,14,-174,-44,-168
Pretax Income,"2,273","2,498","2,252","2,299","1,540","1,399","1,252","1,712","1,470","1,694","1,960",871,857,859,401,-60,317,934,-801,559,806,"5,501",614,947,598,868,"3,306","2,604","2,129","2,257","3,285","3,865","3,423","4,239","3,420","2,333","1,897","1,825","1,281","2,918"
Income Tax,314,260,358,327,487,215,190,214,306,250,361,189,108,-7,253,"5,923",-13,-268,-288,-509,143,"3,352",108,22,130,23,346,149,367,230,487,466,489,509,547,98,193,22,-209,151
Net Income,"1,959","2,238","1,894","1,972","1,053","1,184","1,062","1,498","1,164","1,444","1,599",682,749,866,148,"-5,983",330,"1,202",-513,"1,068",663,"2,149",506,925,468,845,"2,960","2,455","1,762","2,027","2,798","3,399","2,934","3,730","2,873","2,235","1,704","1,803","1,490","2,767"
Net Income Growth,4.98%,41.65%,26.18%,5.17%,-46.25%,-47.10%,-43.93%,-24.04%,10.54%,21.96%,50.56%,-54.47%,-35.65%,-40.03%,-90.74%,-,-55.94%,38.80%,-,-,100.91%,78.79%,-,-13.39%,-29.41%,-60.68%,484.98%,165.41%,276.50%,139.88%,-5.47%,38.45%,66.52%,84.02%,2.68%,-34.25%,-41.92%,-51.66%,-48.14%,23.80%
Shares Outstanding (Basic),"1,688","1,683","1,674","1,661","1,645","1,608","1,558","1,502","1,487","1,471","1,475","1,478","1,477","1,478","1,474","1,477","1,482","1,478","1,415","1,213","1,213","1,217","1,198","1,144","1,139","1,127","1,129","1,134","1,133","1,129","1,128","1,124","1,125","1,122","1,120","1,122","1,116","1,115","1,117","1,116"
Shares Outstanding (Diluted),"1,719","1,714","1,702","1,686","1,667","1,629","1,573","1,517","1,498","1,486","1,492","1,495","1,489","1,491","1,487","1,477","1,494","1,487","1,415","1,223","1,217","1,231","1,208","1,159","1,151","1,139","1,146","1,156","1,151","1,145","1,143","1,142","1,140","1,134","1,131","1,131","1,123","1,124","1,126","1,127"
Shares Change,-2.50%,-2.89%,-1.96%,-2.09%,-3.03%,-4.96%,-7.58%,-10.02%,-10.14%,-8.78%,-5.15%,-1.45%,-0.60%,0.34%,-0.34%,-1.20%,0.34%,-0.27%,-4.84%,-17.20%,-18.54%,-17.22%,-14.63%,-5.23%,-5.42%,-7.47%,-5.13%,-0.26%,-,0.53%,-0.26%,-1.21%,-0.96%,-0.96%,-1.05%,-0.96%,-1.49%,-0.88%,-0.44%,-0.35%
EPS (Basic),1.16,1.33,1.13,1.19,0.64,0.74,0.69,1.00,0.78,0.98,1.08,0.46,0.51,0.59,0.11,-4.05,0.22,0.81,-0.38,0.88,0.55,1.77,0.43,0.81,0.41,0.75,2.61,2.16,1.55,1.80,2.47,3.02,2.61,3.32,2.56,1.99,1.53,1.62,1.33,2.48
EPS (Diluted),1.14,1.31,1.12,1.17,0.63,0.73,0.69,0.99,0.78,0.97,1.07,0.46,0.50,0.58,0.10,-4.05,0.22,0.81,-0.38,0.87,0.55,1.75,0.42,0.80,0.41,0.74,2.57,2.12,1.53,1.77,2.44,2.98,2.57,3.29,2.53,1.98,1.52,1.60,1.32,2.46
EPS Growth,7.55%,45.56%,28.74%,7.34%,-44.74%,-44.27%,-38.39%,-15.38%,23.81%,32.88%,55.07%,-53.54%,-35.90%,-40.21%,-90.65%,-,-56.00%,39.66%,-,-,150.00%,116.05%,-,-8.05%,-25.45%,-57.71%,511.90%,165.00%,273.17%,139.19%,-5.06%,40.57%,67.97%,85.88%,3.69%,-33.56%,-40.86%,-51.37%,-47.83%,24.24%
Free Cash Flow,"1,227","2,552","1,389","2,111",-854,"1,911","1,610","2,611",612,"1,704","2,166","1,457",698,-6,"2,162","1,536",331,"1,839",-582,204,624,"4,661",910,822,738,"1,454","1,393","2,706","2,428","2,867",650,"1,474","2,207","2,341",817,"2,808","1,014","2,351","3,803","2,740"
Free Cash Flow Per Share,0.73,1.52,0.83,1.27,-0.52,1.19,1.03,1.74,0.41,1.16,1.47,0.99,0.47,-0.00,1.47,1.04,0.22,1.24,-0.41,0.17,0.51,3.83,0.76,0.72,0.65,1.29,1.23,2.39,2.14,2.54,0.58,1.31,1.96,2.09,0.73,2.50,0.91,2.11,3.40,2.46
Dividend Per Share,0.350,0.420,0.420,0.420,0.420,0.480,0.480,0.480,0.480,0.530,0.530,0.530,0.530,0.570,0.570,0.570,0.570,0.620,0.620,0.620,0.620,0.620,0.620,0.620,0.620,0.650,0.650,0.650,0.650,0.680,0.680,0.680,0.680,0.750,0.750,0.750,0.750,0.800,0.800,0.800
Dividend Growth,40.00%,20.00%,20.00%,20.00%,20.00%,14.29%,14.29%,14.29%,14.29%,10.42%,10.42%,10.42%,10.42%,7.55%,7.55%,7.55%,7.55%,8.77%,8.77%,8.77%,8.77%,0%,0%,0%,0%,4.84%,4.84%,4.84%,4.84%,4.62%,4.62%,4.62%,4.62%,10.29%,10.29%,10.29%,10.29%,6.67%,6.67%,6.67%
Gross Margin,61.02%,59.74%,58.80%,57.08%,61.88%,57.97%,58.72%,56.12%,61.43%,58.07%,58.94%,59.28%,55.98%,53.68%,54.83%,55.87%,57.11%,55.33%,50.67%,54.81%,56.26%,78.06%,56.00%,58.38%,55.96%,57.49%,66.86%,57.63%,56.75%,57.77%,57.83%,59.80%,58.37%,55.96%,57.28%,57.27%,55.22%,55.13%,55.05%,56.60%
Operating Margin,31.25%,30.49%,29.77%,29.07%,19.38%,21.18%,20.89%,29.18%,25.49%,26.34%,29.17%,12.97%,14.53%,14.39%,5.11%,-0.07%,7.66%,16.19%,-11.75%,14.66%,18.87%,55.18%,14.54%,20.29%,19.00%,15.98%,41.36%,30.67%,27.30%,27.23%,31.08%,36.10%,34.56%,40.89%,32.17%,26.05%,22.53%,21.57%,16.34%,29.47%
Profit Margin,30.77%,32.88%,28.30%,27.78%,15.27%,20.30%,19.46%,25.94%,20.97%,23.89%,25.86%,11.37%,14.93%,16.12%,2.52%,-99.14%,6.32%,21.55%,-8.88%,22.06%,13.31%,22.30%,10.51%,18.22%,8.97%,17.27%,35.47%,29.81%,22.21%,25.15%,29.97%,31.75%,26.28%,34.11%,25.21%,23.62%,18.37%,21.33%,17.26%,27.85%
Free Cash Flow Margin,19.27%,37.50%,20.76%,29.74%,-12.39%,32.77%,29.51%,45.21%,11.03%,28.19%,35.03%,24.29%,13.92%,-0.11%,36.83%,25.45%,6.34%,32.97%,-10.07%,4.21%,12.53%,48.38%,18.90%,16.19%,14.15%,29.72%,16.69%,32.86%,30.60%,35.57%,6.96%,13.77%,19.77%,21.41%,7.17%,29.67%,10.93%,27.82%,44.06%,27.58%
Effective Tax Rate,13.81%,10.41%,15.90%,14.22%,31.62%,15.37%,15.18%,12.50%,20.82%,14.76%,18.42%,21.70%,12.60%,-0.81%,63.09%,-,-4.10%,-28.69%,-,-91.06%,17.74%,60.93%,17.59%,2.32%,21.74%,2.65%,10.47%,5.72%,17.24%,10.19%,14.82%,12.06%,14.29%,12.01%,15.99%,4.20%,10.17%,1.21%,-16.32%,5.17%
EBITDA,"2,562","2,790","2,554","2,587","1,845","1,728","1,648","2,150","1,914","2,125","2,372","1,290","1,306","1,385",962,473,884,"1,560",-198,"1,068","1,313","6,014","1,114","1,446","1,084","1,374","3,811","3,109","2,657","2,801","3,848","4,410","3,988","4,747","4,055","2,901","2,546","2,476","1,916","3,533"
EBITDA Margin,40.24%,40.99%,38.16%,36.44%,26.76%,29.63%,30.21%,37.23%,34.48%,35.16%,38.36%,21.50%,26.04%,25.79%,16.39%,7.84%,16.93%,27.97%,-3.43%,22.06%,26.35%,62.42%,23.14%,28.48%,20.78%,28.08%,45.66%,37.75%,33.48%,34.75%,41.22%,41.20%,35.72%,43.41%,35.59%,30.66%,27.45%,29.30%,22.20%,35.56%
Depreciation & Amortization,289,292,297,287,304,297,326,364,372,356,336,329,342,393,397,363,388,414,396,353,345,353,350,351,340,363,339,364,387,406,425,406,428,438,490,398,470,479,462,437
EBIT,"2,273","2,498","2,257","2,300","1,541","1,431","1,322","1,786","1,542","1,769","2,036",961,964,992,565,110,496,"1,146",-594,715,968,"5,661",764,"1,095",744,"1,011","3,472","2,745","2,270","2,395","3,423","4,004","3,560","4,309","3,565","2,503","2,076","1,997","1,454","3,096"
EBIT Margin,35.70%,36.70%,33.73%,32.40%,22.35%,24.54%,24.23%,30.93%,27.78%,29.27%,32.92%,16.02%,19.22%,18.47%,9.62%,1.82%,9.50%,20.55%,-10.28%,14.77%,19.43%,58.75%,15.87%,21.57%,14.26%,20.66%,41.60%,33.33%,28.61%,29.71%,36.66%,37.40%,31.89%,39.40%,31.29%,26.45%,22.38%,23.63%,16.85%,31.16%
