,2013-12-31,2014-03-31,2014-06-30,2014-09-30,2014-12-31,2015-03-31,2015-06-30,2015-09-30,2015-12-31,2016-03-31,2016-06-30,2016-09-30,2016-12-31,2017-03-31,2017-06-30,2017-09-30,2017-12-31,2018-03-31,2018-06-30,2018-09-30,2018-12-31,2019-03-31,2019-06-30,2019-09-30,2019-12-31,2020-03-31,2020-06-30,2020-09-30,2020-12-31,2021-03-31,2021-06-30,2021-09-30,2021-12-31,2022-03-31,2022-06-30,2022-09-30,2022-12-31,2023-03-31,2023-06-30,2023-09-30
Revenue,"1,885","1,938","2,052","2,039","2,176","2,225","2,275","2,228","2,315","2,450","2,431","2,410","2,476","2,613","2,612","2,542","2,643","2,688","2,681","2,649","2,754","2,804","2,855","2,822","2,896","2,830","2,730","2,913","3,087","3,013","3,198","3,156","3,275","3,293","3,323","3,336","3,447","3,468","3,548","3,563"
Revenue Growth (YoY),6.80%,5.82%,11.81%,12.24%,15.46%,14.81%,10.89%,9.27%,6.38%,10.09%,6.84%,8.18%,6.93%,6.66%,7.47%,5.48%,6.75%,2.86%,2.64%,4.21%,4.23%,4.35%,6.48%,6.55%,5.15%,0.90%,-4.39%,3.19%,6.58%,6.48%,17.15%,8.36%,6.10%,9.29%,3.93%,5.70%,5.24%,5.30%,6.76%,6.80%
Gross Profit,"1,885","1,938","2,052","2,039","2,176","2,225","2,275","2,228","2,315","2,450","2,431","2,410","2,476","2,613","2,612","2,542","2,643","2,688","2,681","2,649","2,754","2,804","2,855","2,822","2,896","2,830","2,730","2,913","3,087","3,013","3,198","3,156","3,275","3,293","3,323","3,336","3,447","3,468","3,548","3,563"
"Selling, General & Admin",901.78,935.37,961.92,953.58,994.59,"1,032","1,044","1,057","1,079","1,148","1,131","1,150","1,157","1,238","1,236","1,252","1,255","1,300","1,306","1,317","1,332","1,366","1,383","1,408","1,432","1,433","1,308","1,406","1,466","1,498","1,488","1,556","1,622","1,692","1,691","1,677","1,701","1,753","1,770","1,785"
Other Operating Expenses,740.52,731.97,796.41,872.35,859.41,866.6,895.75,895.27,914.05,945.34,966.63,982.57,"1,005","1,021","1,046","1,033","1,049","1,054","1,051","1,075","1,163","1,098","1,126","1,225","1,124","1,160","1,064","1,157","1,207","1,220","1,271","1,285","1,340","1,368","1,399","1,383","1,485","1,435","1,498","1,493"
Operating Expenses,"1,642","1,667","1,758","1,826","1,854","1,898","1,940","1,952","1,993","2,093","2,098","2,132","2,161","2,259","2,282","2,285","2,304","2,354","2,357","2,392","2,495","2,464","2,510","2,634","2,555","2,593","2,372","2,563","2,673","2,717","2,759","2,841","2,962","3,060","3,090","3,060","3,186","3,189","3,268","3,277"
Operating Income,242.6,270.98,293.43,212.78,322.29,327.05,335.39,275.16,321.79,356.32,333.29,277.57,314.23,353.93,330.19,257.31,338.74,333.81,324.46,257.16,259.82,340.44,345.56,188.93,340.98,236.69,358.03,349.67,413.96,295.67,438.97,314.81,313.65,232.86,233.43,275.88,261.38,278.7,280.13,285.36
Interest Expense / Income,35.64,35.19,35.09,32.13,31.23,30.04,27.68,27.13,28.64,29.6,30.44,32.13,32.88,35.51,35.92,36.96,36.79,37.58,38,39.51,39.87,39.64,42.49,41.45,39.16,36.35,25.47,24.58,19.89,21.96,21.3,21.2,19.22,21.67,25.68,35.65,43.89,50.88,48.83,53.38
Other Expense / Income,8.67,13.77,14.94,49.41,17.7,20.02,19.21,13.37,17.57,24.96,9.87,5.4,4.53,4.47,4.99,4.12,5.43,4.84,-10.65,-8.27,18.05,7.73,-4.79,13.09,-16.5,11.98,1.48,4.64,-9.28,0.81,-8.88,7.74,-17.53,8.31,-7.25,0.01,-9.29,12.98,4.59,12.49
Pretax Income,198.29,222.01,243.4,131.24,273.37,276.99,288.5,234.66,275.58,301.76,292.97,240.04,276.82,313.95,289.28,216.24,296.53,291.4,297.11,225.93,201.9,293.07,307.86,134.4,318.32,188.36,331.08,320.45,403.35,272.9,426.55,285.87,311.96,202.88,215.01,240.22,226.79,214.84,226.71,219.49
Income Tax,73.77,83.93,91.73,48.44,100.57,102.69,106.3,84.37,101.83,111.01,107.4,88.18,102.61,107.9,103.88,74.99,76.92,67.57,71.06,54.19,43.83,58.9,69.54,37.21,73.15,46.32,79.15,79.17,94.64,63.81,101.52,67.52,72.84,48.96,50.95,57.4,51.97,51.73,55.39,52.5
Net Income,124.52,138.08,151.67,82.8,172.8,174.3,182.19,150.29,173.75,190.76,185.58,151.87,174.21,206.06,185.39,141.25,219.61,223.83,226.05,171.75,158.08,234.17,238.32,97.19,245.18,142.04,251.93,241.28,308.71,209.09,325.02,218.35,239.12,153.91,164.06,182.81,174.82,163.12,171.31,166.99
Net Income Growth,-8.08%,15.27%,-0.11%,-27.74%,38.77%,26.23%,20.12%,81.51%,0.55%,9.44%,1.86%,1.05%,0.26%,8.02%,-0.10%,-6.99%,26.06%,8.63%,21.93%,21.59%,-28.02%,4.62%,5.43%,-43.41%,55.10%,-39.34%,5.71%,148.25%,25.91%,47.21%,29.01%,-9.50%,-22.54%,-26.39%,-49.52%,-16.28%,-26.89%,5.98%,4.42%,-8.66%
Shares Outstanding (Basic),98,99,99,99,99,99,99,99,98,98,97,97,97,97,96,95,95,94,94,93,92,91,89,88,87,86,85,85,85,85,84,82,79,75,74,73,71,71,70,69
Shares Outstanding (Diluted),100,100,100,101,101,101,101,101,100,99,98,98,98,97,97,96,95,95,94,93,93,91,89,88,88,86,85,85,86,86,86,84,80,76,74,73,72,71,71,70
Shares Change,2.42%,1.61%,1.03%,1.45%,0.68%,0.49%,0.69%,0.12%,-0.70%,-1.74%,-2.51%,-2.81%,-2.13%,-1.54%,-1.37%,-2.38%,-3.07%,-2.76%,-2.85%,-2.76%,-2.32%,-3.92%,-5.35%,-5.33%,-5.50%,-4.96%,-4.68%,-3.52%,-2.30%,-0.76%,0.66%,-1.85%,-6.91%,-11.37%,-13.07%,-12.68%,-9.89%,-5.99%,-4.83%,-4.70%
EPS (Basic),1.27,1.40,1.53,0.84,1.75,1.76,1.84,1.52,1.77,1.95,1.91,1.56,1.79,2.13,1.93,1.48,2.32,2.37,2.40,1.85,1.72,2.57,2.67,1.10,2.80,1.64,2.97,2.84,3.62,2.46,3.85,2.65,3.03,2.05,2.22,2.52,2.45,2.31,2.44,2.42
EPS (Diluted),1.25,1.38,1.51,0.82,1.71,1.73,1.80,1.48,1.74,1.93,1.89,1.54,1.78,2.12,1.91,1.47,2.31,2.36,2.39,1.84,1.71,2.57,2.66,1.10,2.78,1.64,2.95,2.82,3.59,2.43,3.79,2.60,2.99,2.02,2.20,2.50,2.43,2.28,2.42,2.40
EPS Growth,-9.42%,14.05%,-1.31%,-28.70%,36.80%,25.36%,19.21%,80.49%,1.75%,11.56%,5.00%,4.05%,2.30%,9.84%,1.06%,-4.55%,29.78%,11.32%,25.13%,25.17%,-25.97%,8.90%,11.30%,-40.22%,62.57%,-36.19%,10.90%,156.36%,29.14%,48.17%,28.47%,-7.80%,-16.71%,-16.87%,-41.95%,-3.85%,-18.73%,12.87%,10.00%,-4.00%
Free Cash Flow,229.58,102.25,169.38,108.56,264.53,182,179.02,165.9,162.02,348.02,240.7,151.64,73.55,329.32,-57.97,188.68,230.06,220.86,15.85,191.34,181.73,261.96,86.69,276.22,179.51,317.96,778.8,574.74,-42.64,-175.66,-187.1,258.41,132.39,245.43,-175.35,59.08,132.86,122,195.04,-38.34
Free Cash Flow Per Share,2.34,1.04,1.71,1.10,2.68,1.84,1.81,1.68,1.65,3.56,2.48,1.56,0.76,3.41,-0.60,1.98,2.43,2.34,0.17,2.06,1.97,2.89,0.97,3.14,2.06,3.69,9.20,6.79,-0.50,-2.07,-2.22,3.14,1.68,3.27,-2.38,0.81,1.87,1.73,2.78,-0.56
Dividend Per Share,0.050,0.050,0.050,0.100,0.100,0.100,0.100,0.100,0.100,0.100,0.100,0.100,0.100,0.100,0.100,0.100,0.100,0.100,0.100,0.100,0.100,0.100,0.100,0.200,0.200,0.200,-,-,-,0.200,0.200,0.200,0.200,0.200,0.200,0.200,0.200,0.200,0.200,0.200
Dividend Growth,-88.89%,0%,0%,100.00%,100.00%,100.00%,100.00%,0%,0%,0%,0%,0%,0%,0%,0%,0%,0%,0%,0%,0%,0%,0%,0%,100.00%,100.00%,100.00%,-,-,-,0%,-,-,-,0%,0%,0%,0%,0%,0%,0%
Gross Margin,100.00%,100.00%,100.00%,100.00%,100.00%,100.00%,100.00%,100.00%,100.00%,100.00%,100.00%,100.00%,100.00%,100.00%,100.00%,100.00%,100.00%,100.00%,100.00%,100.00%,100.00%,100.00%,100.00%,100.00%,100.00%,100.00%,100.00%,100.00%,100.00%,100.00%,100.00%,100.00%,100.00%,100.00%,100.00%,100.00%,100.00%,100.00%,100.00%,100.00%
Operating Margin,12.87%,13.98%,14.30%,10.44%,14.81%,14.70%,14.74%,12.35%,13.90%,14.55%,13.71%,11.52%,12.69%,13.55%,12.64%,10.12%,12.82%,12.42%,12.10%,9.71%,9.43%,12.14%,12.10%,6.69%,11.77%,8.36%,13.12%,12.01%,13.41%,9.81%,13.73%,9.97%,9.58%,7.07%,7.02%,8.27%,7.58%,8.04%,7.90%,8.01%
Profit Margin,6.61%,7.12%,7.39%,4.06%,7.94%,7.83%,8.01%,6.75%,7.50%,7.79%,7.63%,6.30%,7.04%,7.89%,7.10%,5.56%,8.31%,8.33%,8.43%,6.48%,5.74%,8.35%,8.35%,3.44%,8.47%,5.02%,9.23%,8.28%,10.00%,6.94%,10.16%,6.92%,7.30%,4.67%,4.94%,5.48%,5.07%,4.70%,4.83%,4.69%
Free Cash Flow Margin,12.18%,5.28%,8.26%,5.33%,12.16%,8.18%,7.87%,7.45%,7.00%,14.21%,9.90%,6.29%,2.97%,12.60%,-2.22%,7.42%,8.71%,8.22%,0.59%,7.22%,6.60%,9.34%,3.04%,9.79%,6.20%,11.24%,28.53%,19.73%,-1.38%,-5.83%,-5.85%,8.19%,4.04%,7.45%,-5.28%,1.77%,3.85%,3.52%,5.50%,-1.08%
Effective Tax Rate,37.20%,37.81%,37.69%,36.91%,36.79%,37.07%,36.85%,35.96%,36.95%,36.79%,36.66%,36.73%,37.07%,34.37%,35.91%,34.68%,25.94%,23.19%,23.92%,23.98%,21.71%,20.10%,22.59%,27.68%,22.98%,24.59%,23.91%,24.71%,23.46%,23.38%,23.80%,23.62%,23.35%,24.13%,23.70%,23.90%,22.91%,24.08%,24.43%,23.92%
EBITDA,322.64,350.56,369.18,256.83,402.71,406.03,413.44,361.23,407.15,435.41,424.83,375.88,417.14,460.26,438.31,363.41,447.07,442.11,444.69,377.72,359.85,452.75,471.52,297.37,485.14,349.11,482.76,470.99,557.17,426.26,581.83,441.53,464.54,368.33,384.54,421.74,419.03,407.34,419.28,410.06
EBITDA Margin,17.12%,18.09%,17.99%,12.60%,18.50%,18.25%,18.17%,16.22%,17.59%,17.77%,17.48%,15.60%,16.85%,17.62%,16.78%,14.30%,16.92%,16.45%,16.58%,14.26%,13.06%,16.14%,16.51%,10.54%,16.75%,12.34%,17.69%,16.17%,18.05%,14.15%,18.19%,13.99%,14.18%,11.19%,11.57%,12.64%,12.16%,11.75%,11.82%,11.51%
Depreciation & Amortization,88.71,93.36,90.69,93.46,98.12,99,97.26,99.44,102.92,104.05,101.41,103.71,107.44,110.8,113.11,110.22,113.76,113.13,109.58,112.29,118.07,120.04,121.17,121.53,127.66,124.39,126.21,125.96,133.93,131.4,133.99,134.46,133.36,143.78,143.85,145.87,148.35,141.62,143.74,137.2
EBIT,233.94,257.2,278.49,163.37,304.59,307.03,316.18,261.79,304.22,331.36,323.42,272.17,309.7,349.46,325.2,253.19,333.32,328.98,335.11,265.44,241.78,332.71,350.35,175.84,357.48,224.71,356.56,345.03,423.24,294.86,447.85,307.07,331.18,224.55,240.69,275.87,270.67,265.72,275.54,272.87
EBIT Margin,12.41%,13.27%,13.57%,8.01%,14.00%,13.80%,13.90%,11.75%,13.14%,13.53%,13.30%,11.29%,12.51%,13.37%,12.45%,9.96%,12.61%,12.24%,12.50%,10.02%,8.78%,11.86%,12.27%,6.23%,12.34%,7.94%,13.06%,11.85%,13.71%,9.79%,14.00%,9.73%,10.11%,6.82%,7.24%,8.27%,7.85%,7.66%,7.77%,7.66%
