,2014-03-31,2014-06-30,2014-09-30,2014-12-31,2015-03-31,2015-06-30,2015-09-30,2015-12-31,2016-03-31,2016-06-30,2016-09-30,2016-12-31,2017-03-31,2017-06-30,2017-09-30,2017-12-31,2018-03-31,2018-06-30,2018-09-30,2018-12-31,2019-03-31,2019-06-30,2019-09-30,2019-12-31,2020-03-31,2020-06-30,2020-09-30,2020-12-31,2021-03-31,2021-06-30,2021-09-30,2021-12-31,2022-03-31,2022-06-30,2022-09-30,2022-12-31,2023-03-31,2023-06-30,2023-09-30,2023-12-31
Revenue,"3,930","2,698","2,595","3,078","2,984","2,268","2,598","2,487","2,566","2,262","2,928","2,874","3,236","2,855","3,245","3,271","3,753","3,159","3,550","3,750","3,514","2,888","3,119","2,647","3,022","2,583","3,080","3,080","3,581","3,021","3,715","4,647","4,577","4,924","5,251","4,476","3,779","2,684","2,888","3,394"
Revenue Growth (YoY),56.20%,21.26%,8.71%,21.52%,-24.07%,-15.94%,0.12%,-19.20%,-14.01%,-0.26%,12.70%,15.56%,26.11%,26.22%,10.83%,13.81%,15.98%,10.65%,9.40%,14.64%,-6.37%,-8.58%,-12.14%,-29.41%,-14.00%,-10.56%,-1.25%,16.36%,18.50%,16.96%,20.62%,50.88%,27.81%,62.99%,41.35%,-3.68%,-17.44%,-45.49%,-45.00%,-24.17%
Cost of Revenue,"2,996","2,087","1,979","2,164","2,224","1,735","1,870","1,947","1,857","1,673","2,099","2,162","2,293","2,186","2,456","2,499","2,860","2,460","2,739","3,003","2,558","2,178","2,245","2,168","2,014","1,727","2,185","2,274","2,706","2,305","2,858","3,759","3,538","4,265","4,225","3,532","2,621","1,775","1,844","2,178"
Gross Profit,934,611,616,914,760,533,728,540,709,589,829,712,943,669,789,772,893,699,811,747,956,710,874,479,"1,008",856,895,806,875,716,857,888,"1,039",659,"1,026",944,"1,158",909,"1,044","1,216"
Other Operating Expenses,374,362,377,372,299,329,288,406,328,333,322,370,358,349,355,400,389,370,382,415,414,410,424,341,462,489,416,438,442,474,452,473,481,476,481,482,506,512,506,560
Operating Expenses,374,362,377,372,299,329,288,406,328,333,322,370,358,349,355,400,389,370,382,415,414,410,424,341,462,489,416,438,442,474,452,473,481,476,481,482,506,512,506,560
Operating Income,560,249,239,542,461,204,440,134,381,256,507,342,585,320,434,372,504,329,429,332,542,300,450,138,546,367,479,368,433,242,405,415,558,183,545,462,652,397,538,656
Interest Expense / Income,110,106,107,106,110,115,116,109,113,114,114,131,125,133,146,132,135,135,142,147,152,154,162,100,175,179,149,151,155,166,156,153,154,161,171,189,191,192,200,208
Other Expense / Income,-34,-31,-45,2,-44,-46,-43,-35,-62,-60,-55,52,-50,-47,-56,19,-60,-59,-81,17,-65,-57,-78,-178,-18,-95,-167,-76,-113,-104,343,-38,-6,7,-19,-21,-34,-30,-16,-34
Pretax Income,484,174,177,434,395,135,367,60,330,202,448,159,510,234,344,221,429,253,368,168,455,203,366,216,389,283,497,293,391,180,-94,300,410,15,393,294,495,235,354,482
Income Tax,158,50,21,135,122,26,102,-20,83,50,110,28,110,57,74,-66,68,19,34,-23,54,21,47,-51,49,6,21,18,-6,1,-119,-6,16,-22,6,29,50,34,22,63
Net Income,326,124,156,299,273,109,265,80,247,152,338,131,400,177,270,287,361,234,334,191,401,182,319,267,340,277,476,275,397,179,25,306,394,37,387,265,445,201,332,419
Net Income Growth,39.32%,18.10%,-21.21%,141.13%,-16.26%,-12.10%,69.87%,-73.24%,-9.52%,39.45%,27.55%,63.75%,61.94%,16.45%,-20.12%,119.08%,-9.75%,32.20%,23.70%,-33.45%,11.08%,-22.22%,-4.49%,39.79%,-15.21%,52.20%,49.22%,3.00%,16.76%,-35.38%,-94.75%,11.27%,-0.76%,-79.33%,1448.00%,-13.40%,12.94%,443.24%,-14.21%,58.11%
Shares Outstanding (Basic),177,177,177,177,178,179,179,179,179,179,179,179,179,179,179,179,180,181,182,181,182,183,183,191,192,192,193,196,194,193,193,193,193,193,193,201,206,206,206,206
Shares Outstanding (Diluted),177,177,177,177,178,179,180,179,180,180,180,176,179,179,179,179,180,181,182,181,183,184,184,188,192,193,193,193,194,194,194,194,194,194,194,202,206,206,206,206
Shares Change,2.31%,1.14%,0.57%,1.14%,0.56%,1.13%,1.69%,1.13%,1.12%,0.56%,-,-1.68%,-0.56%,-0.56%,-0.56%,1.70%,0.56%,1.12%,1.68%,1.12%,1.67%,1.66%,1.10%,3.87%,4.92%,4.89%,4.89%,2.66%,1.04%,0.52%,0.52%,0.52%,-,-,-,4.12%,6.19%,6.19%,6.19%,1.98%
EPS (Basic),1.84,0.70,0.88,1.69,1.53,0.61,1.47,0.44,1.38,0.84,1.88,0.74,2.23,0.99,1.51,1.60,2.01,1.29,1.84,1.05,2.20,0.99,1.74,1.39,1.77,1.44,2.47,1.42,2.05,0.92,0.13,1.58,2.03,0.19,2.00,1.31,2.16,0.97,1.61,2.03
EPS (Diluted),1.84,0.70,0.88,1.68,1.53,0.61,1.47,0.44,1.37,0.84,1.88,0.73,2.23,0.99,1.51,1.60,2.00,1.29,1.84,1.04,2.19,0.99,1.73,1.40,1.76,1.44,2.46,1.42,2.05,0.92,0.13,1.57,2.03,0.19,1.99,1.31,2.16,0.97,1.61,2.02
EPS Growth,37.31%,16.67%,-22.12%,143.48%,-16.85%,-12.86%,67.05%,-73.81%,-10.46%,37.70%,27.89%,65.91%,62.77%,17.86%,-19.68%,119.18%,-10.31%,30.30%,21.85%,-35.00%,9.50%,-23.26%,-5.98%,34.62%,-19.63%,45.45%,42.20%,1.43%,16.48%,-36.11%,-94.72%,10.56%,-0.98%,-79.35%,1430.77%,-16.56%,6.40%,410.53%,-19.10%,54.20%
Free Cash Flow,38,-11,-195,9,355,-54,-213,-192,321,94,10,-386,232,-85,-169,-111,311,-35,-8,-301,84,-113,-229,-90,-123,-215,238,-47,389,-345,-370,-376,44,-439,-590,-392,-13,-104,-321,-273
Free Cash Flow Per Share,0.21,-0.06,-1.10,0.05,1.99,-0.30,-1.19,-1.07,1.79,0.53,0.06,-2.16,1.30,-0.47,-0.94,-0.62,1.73,-0.19,-0.04,-1.66,0.46,-0.62,-1.25,-0.47,-0.64,-1.12,1.23,-0.24,2.00,-1.79,-1.92,-1.95,0.23,-2.27,-3.06,-1.95,-0.06,-0.51,-1.56,-1.32
Dividend Per Share,0.655,0.655,0.690,0.690,0.690,0.690,0.730,0.730,0.730,0.730,0.770,0.825,0.825,0.825,0.825,0.882,0.882,0.882,0.882,0.945,0.945,0.945,0.945,1.012,1.012,1.012,1.012,1.085,1.085,2.170,0.825,0.885,0.885,0.885,0.885,0.953,0.953,0.953,0.953,1.020
Dividend Growth,5.65%,0%,5.34%,5.34%,5.34%,5.34%,5.80%,5.80%,5.80%,5.80%,5.48%,13.01%,13.01%,13.01%,7.14%,6.91%,6.91%,6.91%,6.91%,7.14%,7.14%,7.14%,7.14%,7.09%,7.09%,7.09%,7.09%,7.21%,7.21%,114.43%,-18.48%,-18.43%,-18.43%,-59.22%,7.27%,7.68%,7.68%,7.68%,7.68%,7.03%
Gross Margin,23.77%,22.65%,23.74%,29.69%,25.47%,23.50%,28.02%,21.71%,27.63%,26.04%,28.31%,24.77%,29.14%,23.43%,24.31%,23.60%,23.79%,22.13%,22.85%,19.92%,27.21%,24.58%,28.02%,18.10%,33.36%,33.14%,29.06%,26.17%,24.43%,23.70%,23.07%,19.11%,22.70%,13.38%,19.54%,21.09%,30.64%,33.87%,36.15%,35.83%
Operating Margin,14.25%,9.23%,9.21%,17.61%,15.45%,8.99%,16.94%,5.39%,14.85%,11.32%,17.32%,11.90%,18.08%,11.21%,13.37%,11.37%,13.43%,10.41%,12.08%,8.85%,15.42%,10.39%,14.43%,5.21%,18.07%,14.21%,15.55%,11.95%,12.09%,8.01%,10.90%,8.93%,12.19%,3.72%,10.38%,10.32%,17.25%,14.79%,18.63%,19.33%
Profit Margin,8.30%,4.60%,6.01%,9.71%,9.15%,4.81%,10.20%,3.22%,9.63%,6.72%,11.54%,4.56%,12.36%,6.20%,8.32%,8.77%,9.62%,7.41%,9.41%,5.09%,11.41%,6.30%,10.23%,10.09%,11.25%,10.72%,15.45%,8.93%,11.09%,5.93%,0.67%,6.58%,8.61%,0.75%,7.37%,5.92%,11.78%,7.49%,11.50%,12.35%
Free Cash Flow Margin,0.97%,-0.41%,-7.51%,0.29%,11.90%,-2.38%,-8.20%,-7.72%,12.51%,4.16%,0.34%,-13.43%,7.17%,-2.98%,-5.21%,-3.39%,8.29%,-1.11%,-0.23%,-8.03%,2.39%,-3.91%,-7.34%,-3.40%,-4.07%,-8.32%,7.73%,-1.53%,10.86%,-11.42%,-9.96%,-8.09%,0.96%,-8.92%,-11.24%,-8.76%,-0.34%,-3.87%,-11.11%,-8.04%
Effective Tax Rate,32.64%,28.74%,11.86%,31.11%,30.89%,19.26%,27.79%,-33.33%,25.15%,24.75%,24.55%,17.61%,21.57%,24.36%,21.51%,-29.86%,15.85%,7.51%,9.24%,-13.69%,11.87%,10.34%,12.84%,-23.61%,12.60%,2.12%,4.23%,6.14%,-1.53%,0.56%,-,-2.00%,3.90%,-146.67%,1.53%,9.86%,10.10%,14.47%,6.21%,13.07%
EBITDA,874,562,577,830,714,470,679,396,672,559,792,564,884,616,748,627,845,660,783,613,903,662,850,656,917,812,"1,002",828,914,726,406,820,922,542,933,858,"1,071",823,958,"1,111"
EBITDA Margin,22.24%,20.83%,22.24%,26.97%,23.93%,20.72%,26.14%,15.92%,26.19%,24.71%,27.05%,19.62%,27.32%,21.58%,23.05%,19.17%,22.52%,20.89%,22.06%,16.35%,25.70%,22.92%,27.25%,24.78%,30.34%,31.44%,32.53%,26.88%,25.52%,24.03%,10.93%,17.65%,20.14%,11.01%,17.77%,19.17%,28.34%,30.66%,33.17%,32.73%
Depreciation & Amortization,280,282,293,290,209,220,196,227,229,243,230,274,249,249,258,274,281,272,273,298,296,305,322,340,353,350,356,384,368,380,344,367,358,366,369,375,385,396,404,421
EBIT,594,280,284,540,505,250,483,169,443,316,562,290,635,367,490,353,564,388,510,315,607,357,528,316,564,462,646,444,546,346,62,453,564,176,564,483,686,427,554,690
EBIT Margin,15.11%,10.38%,10.94%,17.54%,16.92%,11.02%,18.59%,6.80%,17.26%,13.97%,19.19%,10.09%,19.62%,12.85%,15.10%,10.79%,15.03%,12.28%,14.37%,8.40%,17.27%,12.36%,16.93%,11.94%,18.66%,17.89%,20.97%,14.42%,15.25%,11.45%,1.67%,9.75%,12.32%,3.57%,10.74%,10.79%,18.15%,15.91%,19.18%,20.33%
