,2013-12-31,2014-03-31,2014-06-30,2014-09-30,2014-12-31,2015-03-31,2015-06-30,2015-09-30,2015-12-31,2016-03-31,2016-06-30,2016-09-30,2016-12-31,2017-03-31,2017-06-30,2017-09-30,2017-12-31,2018-03-31,2018-06-30,2018-09-30,2018-12-31,2019-03-31,2019-06-30,2019-09-30,2019-12-31,2020-03-31,2020-06-30,2020-09-30,2020-12-31,2021-03-31,2021-06-30,2021-09-30,2021-12-31,2022-03-31,2022-06-30,2022-09-30,2022-12-31,2023-03-31,2023-06-30,2023-09-30
Revenue,"9,939","12,854","13,146","12,380","15,725","15,552","13,712","13,599","14,256","14,329","14,439","16,961","13,050","13,670","13,441","16,313","16,265","13,757","14,655","16,148","18,432","15,091","15,388","15,105","19,223","13,464","12,115","15,425","16,029","16,952","15,917","21,641","16,424","11,855","11,392","20,201","13,334","17,045","13,498","8,352"
Revenue Growth (YoY),-78.37%,26.38%,30.92%,9.46%,58.22%,20.99%,4.31%,9.85%,-9.34%,-7.86%,5.30%,24.72%,-8.46%,-4.60%,-6.91%,-3.82%,24.64%,0.64%,9.03%,-1.01%,13.32%,9.70%,5.00%,-6.46%,4.29%,-10.78%,-21.27%,2.12%,-16.62%,25.91%,31.38%,40.30%,2.46%,-30.07%,-28.43%,-6.65%,-18.81%,43.78%,18.49%,-58.66%
Cost of Revenue,"7,624","8,001","8,355","8,961","13,249","9,253","8,965","7,855","10,245","8,583","9,645","11,548","9,642","8,580","9,766","9,728","11,633","8,553","10,946","10,787","13,650","10,360","10,592","9,495","13,527","9,321","10,813","10,017","11,071","9,482","9,522","15,920","9,890","8,925","9,172","16,898","9,285","11,629","9,368","5,983"
Gross Profit,"2,315","4,853","4,791","3,419","2,476","6,299","4,747","5,744","4,011","5,746","4,794","5,413","3,408","5,090","3,675","6,585","4,632","5,204","3,709","5,361","4,782","4,731","4,796","5,610","5,696","4,143","1,302","5,408","4,958","7,470","6,395","5,721","6,534","2,930","2,220","3,303","4,049","5,416","4,130","2,369"
"Selling, General & Admin","3,197","3,135","3,284","3,135","4,226","3,551","2,618","3,695","3,168","4,014","3,453","3,098","3,091","3,348","3,067","3,564","3,516","3,511","3,459","3,523","3,729","3,591","3,920","3,885","4,352","4,481","3,634","3,961","4,058","4,056","3,622","3,915","4,086","3,588","3,288","3,429","3,859","3,569","3,509","3,427"
Other Operating Expenses,0,0,0,0,0,0,0,0,0,0,0,0,0,0,0,0,0,0,0,0,0,0,0,0,0,0,0,0,0,0,0,0,"1,060",0,0,0,903,0,0,0
Operating Expenses,"3,197","3,135","3,284","3,135","4,226","3,551","2,618","3,695","3,168","4,014","3,453","3,098","3,091","3,348","3,067","3,564","3,516","3,511","3,459","3,523","3,729","3,591","3,920","3,885","4,352","4,481","3,634","3,961","4,058","4,056","3,622","3,915","5,146","3,588","3,288","3,429","4,762","3,569","3,509","3,427"
Operating Income,-882,"1,718","1,507",284,"-1,750","2,748","2,129","2,049",843,"1,732","1,341","2,315",317,"1,742",608,"3,021","1,116","1,693",250,"1,838","1,053","1,140",876,"1,725","1,344",-338,"-2,332","1,447",900,"3,414","2,773","1,806","1,388",-658,"-1,068",-126,-713,"1,847",621,"-1,058"
Other Expense / Income,31,7,13,6,3,13,44,-,-2,28,-11,-13,-2,-22,-8,-17,109,-22,-15,-18,-7,-24,6,-25,-5,-9,-38,10,169,-50,6,17,10,-21,61,-23,9,3,-13,-5
Pretax Income,-913,"1,711","1,494",278,"-1,753","2,735","2,085","2,049",845,"1,704","1,352","2,328",319,"1,764",616,"3,038","1,007","1,715",265,"1,856","1,060","1,164",870,"1,750","1,349",-329,"-2,294","1,437",731,"3,464","2,767","1,789","1,378",-637,"-1,129",-103,-722,"1,844",634,"-1,053"
Income Tax,-453,473,404,-234,-294,699,679,584,110,368,431,501,35,395,125,800,"-2,758",352,68,184,218,232,162,332,221,-58,115,-50,-88,636,609,259,170,-144,-119,-11,-164,382,123,-251
Net Income,-460,"1,238","1,090",512,"-1,459","2,036","1,406","1,465",735,"1,336",921,"1,827",284,"1,369",491,"2,238","3,765","1,363",197,"1,672",842,932,708,"1,418","1,128",-271,"-2,409","1,487",819,"2,828","2,158","1,530","1,208",-493,"-1,010",-92,-558,"1,462",511,-802
Net Income Growth,-,-,-,-50.15%,-,64.46%,28.99%,186.13%,-,-34.38%,-34.50%,24.71%,-61.36%,2.47%,-46.69%,22.50%,1225.70%,-0.44%,-59.88%,-25.29%,-77.64%,-31.62%,259.39%,-15.19%,33.97%,-,-,4.87%,-27.39%,-,-,2.89%,47.50%,-,-,-,-,-,-,-
Shares Outstanding (Basic),461,463,460,458,456,458,453,451,449,452,442,437,430,430,429,427,424,422,420,417,413,409,406,402,402,397,395,395,396,397,394,386,378,376,375,372,368,366,365,363
Shares Change,-0.22%,-0.43%,-0.86%,-1.08%,-1.08%,-1.08%,-1.52%,-1.53%,-1.54%,-1.31%,-2.43%,-3.10%,-4.23%,-4.87%,-2.94%,-2.29%,-1.40%,-1.86%,-2.10%,-2.34%,-2.59%,-3.08%,-3.33%,-3.60%,-2.66%,-2.93%,-2.71%,-1.74%,-1.49%,-,-0.25%,-2.28%,-4.55%,-5.29%,-4.82%,-3.63%,-2.65%,-2.66%,-2.67%,-2.42%
EPS (Basic),-0.94,2.63,2.26,1.00,-2.64,4.44,3.07,3.22,1.63,2.97,2.06,4.14,0.69,3.14,1.13,5.19,8.73,3.19,0.46,3.97,2.02,2.25,1.73,3.47,2.78,-0.70,-6.12,3.72,2.06,7.02,5.44,3.92,3.21,-1.33,-2.71,-0.26,-1.52,3.94,1.38,-2.23
EPS (Diluted),-0.94,2.59,2.22,0.99,-2.57,4.37,3.03,3.16,1.61,2.93,2.04,4.07,0.69,3.09,1.12,5.09,8.57,3.14,0.46,3.90,1.99,2.22,1.71,3.44,2.76,-0.70,-6.12,3.70,2.06,6.98,5.40,3.90,3.19,-1.33,-2.71,-0.26,-1.52,3.93,1.38,-2.23
EPS Growth,-,-,-,-51.47%,-,68.73%,36.49%,219.19%,-,-32.95%,-32.67%,28.80%,-57.14%,5.46%,-45.10%,25.06%,1142.03%,1.62%,-58.93%,-23.38%,-76.78%,-29.30%,271.74%,-11.79%,38.69%,-,-,7.56%,-25.36%,-,-,5.41%,54.85%,-,-,-,-,-,-,-
Free Cash Flow,"2,962","1,979","3,576","5,867","7,974","5,528","-2,053","8,355","2,112","6,327","7,197","3,550","-2,198","1,648","3,063","4,075","4,674","2,301","4,374","3,593","11,396","3,085","5,239","7,316","3,985","14,766","-1,287",-598,"-4,513","-3,297","4,359","5,417","3,333",1,"1,501","4,278",-622,"1,343","1,224","2,840"
Free Cash Flow Per Share,6.42,4.27,7.77,12.81,17.49,12.07,-4.53,18.52,4.70,14.00,16.28,8.12,-5.11,3.83,7.14,9.54,11.02,5.45,10.41,8.62,27.59,7.54,12.90,18.20,9.91,37.19,-3.26,-1.51,-11.40,-8.30,11.06,14.03,8.82,0.00,4.00,11.50,-1.69,3.67,3.35,7.82
Dividend Per Share,0.530,0.530,0.530,0.530,0.580,0.580,0.580,0.580,0.700,0.700,0.700,0.700,0.700,0.750,0.750,0.750,0.750,0.900,0.900,0.900,0.900,1.000,1.000,1.000,1.000,1.100,1.100,1.100,1.100,1.150,1.150,1.150,1.150,1.200,1.200,1.200,1.200,1.250,1.250,1.250
Dividend Growth,-66.88%,32.50%,32.50%,32.50%,9.43%,9.43%,9.43%,9.43%,20.69%,20.69%,20.69%,20.69%,0%,7.14%,7.14%,7.14%,7.14%,20.00%,20.00%,20.00%,20.00%,11.11%,11.11%,11.11%,11.11%,10.00%,10.00%,10.00%,10.00%,4.55%,4.55%,4.55%,4.55%,4.35%,4.35%,4.35%,4.35%,4.17%,4.17%,4.17%
Gross Margin,23.29%,37.75%,36.44%,27.62%,15.75%,40.50%,34.62%,42.24%,28.14%,40.10%,33.20%,31.91%,26.11%,37.23%,27.34%,40.37%,28.48%,37.83%,25.31%,33.20%,25.94%,31.35%,31.17%,37.14%,29.63%,30.77%,10.75%,35.06%,30.93%,44.07%,40.18%,26.44%,39.78%,24.72%,19.49%,16.35%,30.37%,31.77%,30.60%,28.36%
Operating Margin,-8.87%,13.37%,11.46%,2.29%,-11.13%,17.67%,15.53%,15.07%,5.91%,12.09%,9.29%,13.65%,2.43%,12.74%,4.52%,18.52%,6.86%,12.31%,1.71%,11.38%,5.71%,7.55%,5.69%,11.42%,6.99%,-2.51%,-19.25%,9.38%,5.61%,20.14%,17.42%,8.35%,8.45%,-5.55%,-9.38%,-0.62%,-5.35%,10.84%,4.60%,-12.67%
Profit Margin,-4.63%,9.63%,8.29%,4.14%,-9.28%,13.09%,10.25%,10.77%,5.16%,9.32%,6.38%,10.77%,2.18%,10.01%,3.65%,13.72%,23.15%,9.91%,1.34%,10.35%,4.57%,6.18%,4.60%,9.39%,5.87%,-2.01%,-19.88%,9.64%,5.11%,16.68%,13.56%,7.07%,7.36%,-4.16%,-8.87%,-0.46%,-4.18%,8.58%,3.79%,-9.60%
Free Cash Flow Margin,29.80%,15.40%,27.20%,47.39%,50.71%,35.55%,-14.97%,61.44%,14.81%,44.16%,49.84%,20.93%,-16.84%,12.06%,22.79%,24.98%,28.74%,16.73%,29.85%,22.25%,61.83%,20.44%,34.05%,48.43%,20.73%,109.67%,-10.62%,-3.88%,-28.16%,-19.45%,27.39%,25.03%,20.29%,0.01%,13.18%,21.18%,-4.66%,7.88%,9.07%,34.00%
Effective Tax Rate,-,27.64%,27.04%,-84.17%,-,25.56%,32.57%,28.50%,13.02%,21.60%,31.88%,21.52%,10.97%,22.39%,20.29%,26.33%,-273.88%,20.52%,25.66%,9.91%,20.57%,19.93%,18.62%,18.97%,16.38%,-,-,-3.48%,-12.04%,18.36%,22.01%,14.48%,12.34%,-,-,-,-,20.72%,19.40%,-
EBITDA,-840,"1,752","1,632",553,"-1,576","2,905","1,867","2,223",832,"1,871","1,609","2,306",235,"1,714",773,"3,202",958,"1,693",335,"1,853","1,176","1,184",761,"2,191","1,457",0,"-2,240","1,502",740,"3,494","2,782","1,831","1,495",-622,-962,-227,-660,"1,885",639,"-1,098"
EBITDA Margin,-8.45%,13.63%,12.41%,4.47%,-10.02%,18.68%,13.62%,16.35%,5.84%,13.06%,11.14%,13.60%,1.80%,12.54%,5.75%,19.63%,5.89%,12.31%,2.29%,11.48%,6.38%,7.85%,4.95%,14.51%,7.58%,-,-18.49%,9.74%,4.62%,20.61%,17.48%,8.46%,9.10%,-5.25%,-8.44%,-1.12%,-4.95%,11.06%,4.73%,-13.15%
Depreciation & Amortization,73,41,138,275,177,170,-218,174,-13,167,257,-22,-84,-50,157,164,-49,-22,70,-3,116,20,-109,441,108,329,54,65,9,30,15,42,117,15,167,-124,62,41,5,-45
EBIT,-913,"1,711","1,494",278,"-1,753","2,735","2,085","2,049",845,"1,704","1,352","2,328",319,"1,764",616,"3,038","1,007","1,715",265,"1,856","1,060","1,164",870,"1,750","1,349",-329,"-2,294","1,437",731,"3,464","2,767","1,789","1,378",-637,"-1,129",-103,-722,"1,844",634,"-1,053"
EBIT Margin,-9.19%,13.31%,11.36%,2.25%,-11.15%,17.59%,15.21%,15.07%,5.93%,11.89%,9.36%,13.73%,2.44%,12.90%,4.58%,18.62%,6.19%,12.47%,1.81%,11.49%,5.75%,7.71%,5.65%,11.59%,7.02%,-2.44%,-18.94%,9.32%,4.56%,20.43%,17.38%,8.27%,8.39%,-5.37%,-9.91%,-0.51%,-5.41%,10.82%,4.70%,-12.61%
