,2014-02-01,2014-05-03,2014-08-02,2014-11-01,2015-01-31,2015-05-02,2015-08-01,2015-10-31,2016-01-30,2016-04-30,2016-07-30,2016-10-29,2017-01-28,2017-04-29,2017-07-29,2017-10-28,2018-02-03,2018-05-05,2018-08-04,2018-11-03,2019-02-02,2019-05-04,2019-08-03,2019-11-02,2020-02-01,2020-05-02,2020-08-01,2020-10-31,2021-01-30,2021-05-01,2021-07-31,2021-10-30,2022-01-29,2022-04-30,2022-07-30,2022-10-29,2023-01-28,2023-04-29,2023-07-29,2023-10-28
Revenue,868.08,713.77,734.24,745.72,"1,048",868.12,877,910.7,"1,268","1,074","1,069","1,131","1,581","1,315","1,290","1,342","1,938","1,544","1,488","1,560","2,125","1,743","1,667","1,683","2,306","1,173","1,228","1,552","2,199","1,939","1,967","1,996","2,729","2,346","2,297","2,339","3,227","2,634","2,530","2,489"
Revenue Growth (YoY),14.40%,22.49%,22.17%,20.51%,20.68%,21.62%,19.44%,22.12%,21.06%,23.68%,21.92%,24.22%,24.62%,22.46%,20.64%,18.65%,22.59%,17.40%,15.38%,16.23%,9.66%,12.91%,11.99%,7.85%,8.53%,-32.69%,-26.32%,-7.76%,-4.65%,65.23%,60.19%,28.59%,24.14%,21.02%,16.77%,17.19%,18.22%,12.29%,10.13%,6.42%
Cost of Revenue,574.52,467.82,474.89,463.97,697.9,564.94,570.52,575.06,829.26,683.29,684.38,704.18,"1,036",838.87,820.53,849.05,"1,279",982.95,952.76,987.73,"1,384","1,098","1,061","1,059","1,499",869.61,899,"1,007","1,428","1,185","1,169","1,206","1,702","1,405","1,369","1,376","2,014","1,579","1,536","1,497"
Gross Profit,293.56,245.95,259.34,281.76,349.74,303.18,306.48,335.64,439.04,390.43,384.84,427.05,544.91,476.01,469.33,493.13,658.35,560.71,535.46,572.28,740.86,644.85,605.9,623.43,806.89,303.61,329.01,545.52,771.03,753.79,797.96,789.47,"1,027",941.03,928.16,962.82,"1,213","1,055",993.61,992.07
"Selling, General & Admin",177.64,162.44,157.77,181.09,210.7,192.49,183.94,218.76,268.17,240.72,236.38,280.46,316.27,283.45,283.43,320.73,399.63,345.62,337.14,395.45,457.25,403.13,392.84,449.2,515.54,380.91,271.59,416.38,514.14,443.88,464.3,503.4,649.97,500.97,534.46,597.16,762.71,612.13,600.69,661.38
Other Operating Expenses,1.79,2.63,3.6,6.57,1.57,3.12,4.08,6.11,1.38,2.54,4.69,6.93,4.41,4.16,6.1,9.73,4.3,5.25,4.5,7.61,2.4,4.17,5.04,6.46,3.59,24.18,44.67,27.86,32.62,4.59,1.36,1.83,1.74,2.35,2.28,3.8,2.18,0.66,1.28,3.46
Operating Expenses,179.42,165.07,161.36,187.67,212.27,195.6,188.02,224.87,269.55,243.27,241.07,287.39,320.68,287.6,289.53,330.46,403.93,350.87,341.65,403.07,459.65,407.31,397.88,455.65,519.13,405.09,316.25,444.24,546.76,448.46,465.66,505.24,651.71,503.32,536.74,600.96,764.89,612.79,601.97,664.84
Operating Income,114.14,80.88,97.98,94.09,137.47,107.58,118.46,110.77,169.49,147.16,143.77,139.66,224.23,188.41,179.8,162.67,254.42,209.84,193.82,169.21,281.21,237.54,208.02,167.78,287.76,-101.48,12.76,101.28,224.27,305.32,332.31,284.24,375.62,437.71,391.43,361.86,447.62,442.07,391.64,327.23
Interest Expense / Income,0,0,0,0,0,0,0,0,0,0,0,0,0,0,0,0,0,0,0,0,-5.06,-2.05,-1.67,-0.9,-0.44,1.27,2.62,1.38,0.46,0.36,0.43,0.41,0.47,0.4,-0.11,0,-4.38,-7.35,-4.45,0
Other Expense / Income,-0.07,-0.2,-0.21,-0.25,-0.23,-0.31,-0.28,-0.28,-0.27,-0.32,-0.25,-0.21,-0.12,-0.34,-0.56,-0.32,-0.36,-1.33,-1.14,-1.32,3.79,-,-,-,-,-,-,-,-,-,-,-,-,-,-,-0.85,-,-,-,-2.5
Pretax Income,114.21,81.08,98.19,94.34,137.7,107.89,118.74,111.05,169.76,147.48,144.02,139.87,224.35,188.74,180.36,162.98,254.78,211.17,194.96,170.53,282.49,239.59,209.69,168.68,288.2,-102.76,10.14,99.89,223.81,304.97,331.88,283.83,375.16,437.31,391.54,362.71,452,449.42,396.09,329.72
Income Tax,43.53,31.13,37.39,35.22,50.43,40.95,44.57,39.98,61.94,55.5,54.01,52.31,84.13,60.52,66.16,58.34,46.61,46.77,46.64,39.37,67.81,47.37,48.43,38.93,65.48,-24.25,2.09,25.1,52.32,74.68,80.99,68.54,85.79,105.91,95.86,88.12,111.25,102.37,95.99,80.24
Net Income,70.68,49.95,60.79,59.12,87.26,66.95,74.17,71.07,107.82,91.98,90,87.56,140.22,128.22,114.19,104.65,208.17,164.4,148.32,131.17,214.67,192.22,161.26,129.75,222.72,-78.51,8.05,74.8,171.49,230.29,250.89,215.29,289.37,331.4,295.68,274.59,340.75,347.05,300.1,249.48
Net Income Growth,9.53%,19.43%,35.37%,30.14%,23.46%,34.02%,22.00%,20.20%,23.56%,37.39%,21.35%,23.21%,30.04%,39.41%,26.88%,19.51%,48.46%,28.21%,29.89%,25.34%,3.12%,16.93%,8.72%,-1.08%,3.75%,-,-95.01%,-42.35%,-23.00%,-,3015.91%,187.83%,68.73%,43.90%,17.85%,27.54%,17.76%,4.72%,1.50%,-9.14%
Shares Outstanding (Basic),64,64,64,64,64,64,64,64,64,63,62,62,62,62,62,61,61,61,60,60,59,59,58,58,57,56,56,56,56,56,55,54,53,52,52,51,51,50,50,49
Shares Outstanding (Diluted),65,65,65,65,65,65,64,64,64,63,63,63,63,63,62,62,61,61,60,60,59,59,58,58,57,56,56,57,57,56,55,55,54,53,52,51,51,50,50,49
Shares Change,-0.24%,0.17%,0.47%,0.31%,0.10%,-0.08%,-0.35%,-0.84%,-1.06%,-1.89%,-2.48%,-2.34%,-2.10%,-1.17%,-0.69%,-1.69%,-2.08%,-2.69%,-3.21%,-2.54%,-3.06%,-3.15%,-3.20%,-3.83%,-3.70%,-4.36%,-3.33%,-2.11%,-1.00%,-0.44%,-2.62%,-3.34%,-5.53%,-6.39%,-5.66%,-5.93%,-4.59%,-4.02%,-3.95%,-4.26%
EPS (Basic),1.10,0.78,0.94,0.92,1.36,1.04,1.16,1.11,1.69,1.46,1.44,1.40,2.25,2.06,1.84,1.71,3.40,2.71,2.47,2.20,3.62,3.28,2.77,2.25,3.90,-1.39,0.14,1.33,3.04,4.13,4.59,3.97,5.41,6.34,5.73,5.37,6.72,6.92,6.05,5.09
EPS (Diluted),1.10,0.77,0.94,0.91,1.35,1.04,1.15,1.11,1.68,1.45,1.43,1.40,2.24,2.05,1.83,1.70,3.38,2.70,2.46,2.18,3.59,3.26,2.76,2.25,3.88,-1.39,0.14,1.32,3.03,4.10,4.56,3.94,5.38,6.30,5.70,5.34,6.66,6.88,6.02,5.07
EPS Growth,10.00%,18.46%,34.29%,30.00%,22.73%,35.06%,22.34%,21.98%,24.44%,39.42%,24.35%,26.13%,33.33%,41.38%,27.97%,21.43%,50.89%,31.71%,34.43%,28.24%,6.21%,20.74%,12.20%,3.21%,8.08%,-,-94.93%,-41.33%,-21.91%,-,3157.14%,198.48%,77.56%,53.66%,25.00%,35.53%,23.79%,9.21%,5.61%,-5.06%
Free Cash Flow,178.53,34.59,4.54,-65.48,173.87,11.67,-23.19,-71.41,159.64,112.61,-42.58,-28.22,219.12,98.99,-72.21,-35.33,347.2,203,43.31,39.49,350.93,199.84,96.28,20.25,486.39,-65.79,4.69,203.4,516.19,295.5,48.6,-37.67,580.64,355.23,64.94,-50.7,800.32,195.14,28.93,-177.08
Free Cash Flow Per Share,2.78,0.54,0.07,-1.02,2.70,0.18,-0.36,-1.12,2.51,1.79,-0.68,-0.45,3.52,1.59,-1.17,-0.58,5.70,3.35,0.72,0.66,5.94,3.41,1.66,0.35,8.53,-1.17,0.08,3.61,9.16,5.30,0.89,-0.69,10.92,6.80,1.26,-0.99,15.81,3.89,0.58,-3.61
Gross Margin,33.82%,34.46%,35.32%,37.78%,33.38%,34.92%,34.95%,36.85%,34.62%,36.36%,35.99%,37.75%,34.48%,36.20%,36.39%,36.74%,33.98%,36.32%,35.98%,36.68%,34.87%,37.00%,36.36%,37.05%,34.99%,25.88%,26.79%,35.15%,35.07%,38.88%,40.56%,39.56%,37.64%,40.11%,40.41%,41.17%,37.58%,40.04%,39.28%,39.86%
Operating Margin,13.15%,11.33%,13.34%,12.62%,13.12%,12.39%,13.51%,12.16%,13.36%,13.71%,13.45%,12.35%,14.19%,14.33%,13.94%,12.12%,13.13%,13.59%,13.02%,10.85%,13.24%,13.63%,12.48%,9.97%,12.48%,-8.65%,1.04%,6.53%,10.20%,15.75%,16.89%,14.24%,13.76%,18.66%,17.04%,15.47%,13.87%,16.78%,15.48%,13.15%
Profit Margin,8.14%,7.00%,8.28%,7.93%,8.33%,7.71%,8.46%,7.80%,8.50%,8.57%,8.42%,7.74%,8.87%,9.75%,8.85%,7.80%,10.74%,10.65%,9.97%,8.41%,10.10%,11.03%,9.68%,7.71%,9.66%,-6.69%,0.66%,4.82%,7.80%,11.88%,12.75%,10.79%,10.60%,14.13%,12.87%,11.74%,10.56%,13.17%,11.86%,10.02%
Free Cash Flow Margin,20.57%,4.85%,0.62%,-8.78%,16.60%,1.34%,-2.64%,-7.84%,12.59%,10.49%,-3.98%,-2.49%,13.86%,7.53%,-5.60%,-2.63%,17.92%,13.15%,2.91%,2.53%,16.52%,11.47%,5.78%,1.20%,21.09%,-5.61%,0.38%,13.11%,23.48%,15.24%,2.47%,-1.89%,21.27%,15.14%,2.83%,-2.17%,24.80%,7.41%,1.14%,-7.11%
Effective Tax Rate,38.11%,38.39%,38.08%,37.33%,36.63%,37.95%,37.53%,36.00%,36.48%,37.63%,37.50%,37.40%,37.50%,32.06%,36.68%,35.79%,18.29%,22.15%,23.92%,23.08%,24.01%,19.77%,23.10%,23.08%,22.72%,-,20.58%,25.12%,23.37%,24.49%,24.40%,24.15%,22.87%,24.22%,24.48%,24.30%,24.61%,22.78%,24.23%,24.34%
EBITDA,142.92,111.55,130.09,128.03,173.41,145.86,157.51,153.37,215.76,195.37,193.68,193.33,283.63,251.22,243.46,225.11,319.78,279.96,263.98,240.37,349.24,384.58,358.06,309.12,423.75,46.01,152.1,237.18,367.38,444.8,469.93,417.89,509.56,572.74,526.37,497.46,586.17,575.5,530.94,471.04
EBITDA Margin,16.46%,15.63%,17.72%,17.17%,16.55%,16.80%,17.96%,16.84%,17.01%,18.20%,18.11%,17.09%,17.94%,19.11%,18.88%,16.77%,16.50%,18.14%,17.74%,15.41%,16.44%,22.06%,21.48%,18.37%,18.38%,3.92%,12.39%,15.28%,16.71%,22.95%,23.89%,20.94%,18.67%,24.41%,22.91%,21.27%,18.17%,21.85%,20.99%,18.93%
Depreciation & Amortization,28.71,30.47,31.9,33.68,35.71,37.97,38.77,42.31,46,47.89,49.67,53.46,59.28,62.48,63.11,62.13,65,68.79,69.03,69.84,71.82,147.04,150.04,141.34,135.99,147.49,139.35,135.9,143.1,139.48,137.62,133.65,133.94,135.03,134.94,134.76,138.55,133.43,139.3,141.32
EBIT,114.21,81.08,98.19,94.34,137.7,107.89,118.74,111.05,169.76,147.48,144.02,139.87,224.35,188.74,180.36,162.98,254.78,211.17,194.96,170.53,277.42,237.54,208.02,167.78,287.76,-101.48,12.76,101.28,224.27,305.32,332.31,284.24,375.62,437.71,391.43,362.71,447.62,442.07,391.64,329.72
EBIT Margin,13.16%,11.36%,13.37%,12.65%,13.14%,12.43%,13.54%,12.19%,13.38%,13.74%,13.47%,12.36%,14.19%,14.35%,13.98%,12.14%,13.15%,13.68%,13.10%,10.93%,13.06%,13.63%,12.48%,9.97%,12.48%,-8.65%,1.04%,6.53%,10.20%,15.75%,16.89%,14.24%,13.76%,18.66%,17.04%,15.51%,13.87%,16.78%,15.48%,13.25%
