,2014-03-31,2014-06-30,2014-09-30,2014-12-31,2015-03-31,2015-06-30,2015-09-30,2015-12-31,2016-03-31,2016-06-30,2016-09-30,2016-12-31,2017-03-31,2017-06-30,2017-09-30,2017-12-31,2018-03-31,2018-06-30,2018-09-30,2018-12-31,2019-03-31,2019-06-30,2019-09-30,2019-12-31,2020-03-31,2020-06-30,2020-09-30,2020-12-31,2021-03-31,2021-06-30,2021-09-30,2021-12-31,2022-03-31,2022-06-30,2022-09-30,2022-12-31,2023-03-31,2023-06-30,2023-09-30,2023-12-31
Revenue,"3,293","3,484","3,460","3,559","3,513","3,689","3,578","3,706","3,772","3,902","3,942","3,791","4,912","5,211","5,078","5,251","5,009","5,409","5,051","5,289","5,012","5,305","5,284","5,371","4,681","1,464","2,254","2,172","2,316","3,149","3,946","4,446","4,199","5,338","5,313","5,923","5,615","6,075","5,928","6,095"
Revenue Growth (YoY),4.81%,6.77%,9.49%,10.56%,6.68%,5.88%,3.41%,4.13%,7.37%,5.77%,10.17%,2.29%,30.22%,33.55%,28.82%,38.51%,1.97%,3.80%,-0.53%,0.72%,0.06%,-1.92%,4.61%,1.55%,-6.60%,-72.40%,-57.34%,-59.56%,-50.52%,115.10%,75.07%,104.70%,81.30%,69.51%,34.64%,33.22%,33.72%,13.81%,11.58%,2.90%
Cost of Revenue,"2,855","2,962","2,957","3,056","2,992","3,136","3,059","3,176","3,211","3,315","3,346","2,863","4,052","4,141","4,001","4,445","4,144","4,298","4,170","4,472","4,217","4,438","4,396","4,704","4,149","1,362","1,817","1,784","1,968","2,423","3,121","3,544","3,376","4,108","4,087","4,644","4,417","4,653","4,531","4,988"
Gross Profit,438,522,503,503,521,553,519,530,561,587,596,928,860,"1,070","1,077",806,865,"1,111",881,817,795,867,888,667,532,102,437,388,348,726,825,902,823,"1,230","1,226","1,279","1,198","1,422","1,397","1,107"
"Selling, General & Admin",148,159,172,180,145,152,149,188,155,154,161,273,212,234,205,270,247,217,221,242,222,229,220,267,270,178,131,183,211,187,212,213,208,231,216,236,202,240,239,330
Other Operating Expenses,36,47,33,32,44,32,31,32,39,44,264,158,102,92,82,112,88,76,64,153,63,229,61,126,148,78,54,333,53,53,68,54,57,49,52,47,45,86,59,59
Operating Expenses,184,206,205,212,189,184,180,220,194,198,425,431,314,326,287,382,335,293,285,395,285,458,281,393,418,256,185,516,264,240,280,267,265,280,268,283,247,326,298,389
Operating Income,254,316,298,291,332,369,339,310,367,389,171,497,546,744,790,424,530,818,596,422,510,409,607,274,114,-154,252,-128,84,486,545,635,558,950,958,996,951,"1,096","1,099",718
Interest Expense / Income,30,30,29,26,36,42,43,46,47,57,55,75,70,73,73,72,75,85,86,94,97,102,100,95,93,127,113,112,107,109,107,97,93,95,100,115,126,140,146,153
Other Expense / Income,-7,1,-21,-17,-11,-28,-13,-20,-6,-12,-15,-16,-18,-45,-21,-682,-77,-141,-84,-17,-19,-7,-20,-147,2,17,12,74,4,-4,160,-10,-11,-23,-11,-10,-19,-8,-36,-16
Pretax Income,231,285,290,282,307,355,309,284,326,344,131,438,494,716,738,"1,034",532,874,594,345,432,314,527,326,19,-298,127,-314,-27,381,278,548,476,878,869,891,844,964,989,581
Income Tax,59,93,98,85,100,115,99,82,107,97,61,166,123,227,253,920,112,207,91,28,57,82,140,47,-12,-64,27,-150,-16,-41,58,80,99,200,239,218,87,238,237,-267
Net Income,172,192,192,197,207,240,210,202,219,247,70,272,371,489,485,114,420,667,503,317,375,232,387,279,31,-234,100,-164,-11,422,220,468,377,678,630,673,757,726,752,848
Net Income Growth,26.47%,7.26%,20.00%,30.46%,20.35%,25.00%,9.38%,2.54%,5.80%,2.92%,-66.67%,34.65%,69.41%,97.98%,592.86%,-58.09%,13.21%,36.40%,3.71%,178.07%,-10.71%,-65.22%,-23.06%,-11.99%,-91.73%,-,-74.16%,-,-,-,120.00%,-,-,60.66%,186.36%,43.80%,100.80%,7.08%,19.37%,26.00%
Shares Outstanding (Basic),295,293,291,283,277,275,266,257,254,254,254,390,384,379,372,365,357,353,347,341,340,333,329,327,324,324,324,324,324,326,326,326,326,327,325,317,308,303,298,294
Shares Change,-5.61%,-4.68%,-4.16%,-5.40%,-6.20%,-6.09%,-8.49%,-9.26%,-8.06%,-7.54%,-4.32%,51.86%,50.87%,49.03%,46.39%,-6.63%,-6.81%,-6.74%,-6.83%,-6.43%,-4.97%,-5.76%,-5.08%,-4.16%,-4.55%,-2.62%,-1.53%,-0.80%,0.06%,0.43%,0.41%,0.42%,0.58%,0.51%,-0.34%,-2.81%,-5.57%,-7.32%,-8.11%,-7.22%
EPS (Basic),0.58,0.66,0.66,0.70,0.75,0.88,0.80,0.79,0.86,0.97,0.26,0.70,0.96,1.29,1.30,0.34,1.17,1.89,1.45,0.94,1.10,0.70,1.17,0.86,0.10,-0.72,0.31,-0.50,-0.03,1.29,0.67,1.43,1.15,2.06,1.94,2.12,2.44,2.39,2.52,2.87
EPS (Diluted),0.57,0.64,0.65,0.68,0.73,0.87,0.78,0.77,0.85,0.96,0.26,0.69,0.95,1.28,1.29,0.33,1.16,1.87,1.43,0.93,1.09,0.69,1.16,0.85,0.09,-0.72,0.31,-0.50,-0.03,1.28,0.67,1.42,1.14,2.06,1.94,2.11,2.43,2.38,2.51,2.86
EPS Growth,32.56%,12.28%,25.00%,38.78%,28.07%,35.94%,20.00%,13.24%,16.44%,10.34%,-66.67%,-10.39%,11.76%,33.33%,396.15%,-52.17%,22.11%,46.09%,10.85%,181.82%,-6.03%,-63.10%,-18.88%,-8.60%,-91.74%,-,-73.28%,-,-,-,116.13%,-,-,60.94%,189.55%,48.59%,113.16%,15.53%,29.38%,35.55%
Free Cash Flow,121,392,170,130,187,406,269,348,352,432,290,346,414,668,514,391,611,130,621,439,85,511,359,77,455,971,100,-22,-3,59,575,363,349,580,801,301,792,552,757,617
Free Cash Flow Per Share,0.41,1.34,0.58,0.46,0.68,1.48,1.01,1.35,1.39,1.70,1.14,0.89,1.08,1.76,1.38,1.07,1.71,0.37,1.79,1.29,0.25,1.53,1.09,0.24,1.40,3.00,0.31,-0.07,-0.01,0.18,1.77,1.11,1.07,1.77,2.47,0.95,2.57,1.82,2.54,2.10
Dividend Per Share,0.170,0.200,0.200,0.200,0.200,0.250,0.250,0.250,0.250,0.300,0.300,0.300,0.300,0.330,0.330,0.330,0.330,0.410,0.410,0.410,0.410,0.480,0.480,0.480,0.480,-,-,-,-,-,-,-,-,0.300,0.300,0.400,0.400,0.520,0.520,0.520
Dividend Growth,30.77%,17.65%,17.65%,17.65%,17.65%,25.00%,25.00%,25.00%,25.00%,20.00%,20.00%,20.00%,20.00%,10.00%,10.00%,10.00%,10.00%,24.24%,24.24%,24.24%,24.24%,17.07%,17.07%,17.07%,17.07%,-,-,-,-,-,-,-,-,-,-,-,-,73.33%,73.33%,30.00%
Gross Margin,13.30%,14.98%,14.54%,14.13%,14.83%,14.99%,14.51%,14.30%,14.87%,15.04%,15.12%,24.48%,17.51%,20.53%,21.21%,15.35%,17.27%,20.54%,17.44%,15.45%,15.86%,16.34%,16.81%,12.42%,11.37%,6.97%,19.39%,17.86%,15.03%,23.05%,20.91%,20.29%,19.60%,23.04%,23.08%,21.59%,21.34%,23.41%,23.57%,18.16%
Operating Margin,7.71%,9.07%,8.61%,8.18%,9.45%,10.00%,9.47%,8.36%,9.73%,9.97%,4.34%,13.11%,11.12%,14.28%,15.56%,8.07%,10.58%,15.12%,11.80%,7.98%,10.18%,7.71%,11.49%,5.10%,2.44%,-10.52%,11.18%,-5.89%,3.63%,15.43%,13.81%,14.28%,13.29%,17.80%,18.03%,16.82%,16.94%,18.04%,18.54%,11.78%
Profit Margin,5.22%,5.51%,5.55%,5.54%,5.89%,6.51%,5.87%,5.45%,5.81%,6.33%,1.78%,7.17%,7.55%,9.38%,9.55%,2.17%,8.38%,12.33%,9.96%,5.99%,7.48%,4.37%,7.32%,5.19%,0.66%,-15.98%,4.44%,-7.55%,-0.47%,13.40%,5.58%,10.53%,8.98%,12.70%,11.86%,11.36%,13.48%,11.95%,12.69%,13.91%
Free Cash Flow Margin,3.67%,11.25%,4.91%,3.65%,5.32%,11.01%,7.52%,9.39%,9.33%,11.07%,7.36%,9.13%,8.43%,12.82%,10.12%,7.45%,12.20%,2.40%,12.29%,8.30%,1.70%,9.63%,6.79%,1.43%,9.72%,66.33%,4.44%,-1.01%,-0.13%,1.87%,14.57%,8.16%,8.31%,10.87%,15.08%,5.08%,14.11%,9.09%,12.77%,10.12%
Effective Tax Rate,25.54%,32.63%,33.79%,30.14%,32.57%,32.39%,32.04%,28.87%,32.82%,28.20%,46.56%,37.90%,24.90%,31.70%,34.28%,88.97%,21.05%,23.68%,15.32%,8.12%,13.19%,26.11%,26.57%,14.42%,-63.16%,-,21.26%,-,-,-10.76%,20.86%,14.60%,20.80%,22.78%,27.50%,24.47%,10.31%,24.69%,23.96%,-45.96%
EBITDA,297,362,352,340,387,429,383,362,404,431,222,575,626,872,876,"1,175",680,"1,029",745,515,597,487,695,617,287,-78,341,-93,149,558,470,718,641,"1,041","1,041","1,076","1,035","1,174","1,204",807
EBITDA Margin,9.02%,10.39%,10.17%,9.55%,11.02%,11.63%,10.70%,9.77%,10.71%,11.05%,5.63%,15.17%,12.74%,16.73%,17.25%,22.38%,13.58%,19.02%,14.75%,9.74%,11.91%,9.18%,13.15%,11.49%,6.13%,-5.33%,15.13%,-4.28%,6.43%,17.72%,11.91%,16.15%,15.27%,19.50%,19.59%,18.17%,18.43%,19.33%,20.31%,13.24%
Depreciation & Amortization,36,47,33,32,44,32,31,32,31,30,36,62,62,83,65,69,73,70,65,76,68,71,68,196,175,93,101,109,69,68,85,73,72,68,72,70,65,70,69,73
EBIT,261,315,319,308,343,397,352,330,373,401,186,513,564,789,811,"1,106",607,959,680,439,529,416,627,421,112,-171,240,-202,80,490,385,645,569,973,969,"1,006",970,"1,104","1,135",734
EBIT Margin,7.93%,9.04%,9.22%,8.65%,9.76%,10.76%,9.84%,8.90%,9.89%,10.28%,4.72%,13.53%,11.48%,15.14%,15.97%,21.06%,12.12%,17.73%,13.46%,8.30%,10.55%,7.84%,11.87%,7.84%,2.39%,-11.68%,10.65%,-9.30%,3.45%,15.56%,9.76%,14.51%,13.55%,18.23%,18.24%,16.98%,17.28%,18.17%,19.15%,12.04%
