,2014-03-31,2014-06-30,2014-09-30,2014-12-31,2015-03-31,2015-06-30,2015-09-30,2015-12-31,2016-03-31,2016-06-30,2016-09-30,2016-12-31,2017-03-31,2017-06-30,2017-09-30,2017-12-31,2018-03-31,2018-06-30,2018-09-30,2018-12-31,2019-03-31,2019-06-30,2019-09-30,2019-12-31,2020-03-31,2020-06-30,2020-09-30,2020-12-31,2021-03-31,2021-06-30,2021-09-30,2021-12-31,2022-03-31,2022-06-30,2022-09-30,2022-12-31,2023-03-31,2023-06-30,2023-09-30,2023-12-31
Revenue,"17,408","16,844","16,791","17,732","17,853","18,743","18,669","19,245","18,790","19,269","21,319","21,358","20,587","21,286","21,081","22,075","22,791","21,735","22,135","27,846","26,859","26,858","26,827","28,398","26,609","23,715","25,532","27,708","27,205","28,546","30,298","30,336","31,010","30,016","29,849","30,553","29,691","30,513","30,115","31,253"
Revenue Growth (YoY),13.70%,3.53%,3.96%,4.76%,2.56%,11.27%,11.18%,8.53%,5.25%,2.81%,14.19%,10.98%,9.56%,10.47%,-1.12%,3.36%,10.71%,2.11%,5.00%,26.14%,17.85%,23.57%,21.20%,1.98%,-0.93%,-11.70%,-4.83%,-2.43%,2.24%,20.37%,18.67%,9.48%,13.99%,5.15%,-1.48%,0.72%,-4.25%,1.66%,0.89%,2.29%
Gross Profit,"17,408","16,844","16,791","17,732","17,853","18,743","18,669","19,245","18,790","19,269","21,319","21,358","20,587","21,286","21,081","22,075","22,791","21,735","22,135","27,846","26,859","26,858","26,827","28,398","26,609","23,715","25,532","27,708","27,205","28,546","30,298","30,336","31,010","30,016","29,849","30,553","29,691","30,513","30,115","31,253"
"Selling, General & Admin","11,870","11,040","11,087","11,855","11,897","12,477","12,485","12,973","12,423","12,814","14,484","14,758","13,577","14,211","14,198","15,337","15,547","14,318","14,822","20,135","18,357","18,226","18,307","19,974","18,493","15,804","18,136","20,538","18,804","19,656","21,371","21,933","21,892","20,181","20,359","22,551","20,268","20,266","20,147","23,241"
Other Operating Expenses,"1,970","2,000","1,959","2,090","2,066","2,161","2,183","2,270","2,278","2,389","2,395","2,364","2,468","2,507","2,104","2,609","2,599","2,403","2,477","3,197","3,320","3,276","3,180","3,177","3,264","3,264","3,320","3,252","3,362","3,383","3,478","3,582","3,548","3,468","11,916","3,472","3,777","3,538","3,493","3,528"
Operating Expenses,"13,840","13,040","13,046","13,945","13,963","14,638","14,668","15,243","14,701","15,203","16,879","17,122","16,045","16,718","16,302","17,946","18,146","16,721","17,299","23,332","21,677","21,502","21,487","23,151","21,757","19,068","21,456","23,790","22,166","23,039","24,849","25,515","25,440","23,649","32,275","26,023","24,045","23,804","23,640","26,769"
Operating Income,"3,568","3,804","3,745","3,787","3,890","4,105","4,001","4,002","4,089","4,066","4,440","4,236","4,542","4,568","4,779","4,129","4,645","5,014","4,836","4,514","5,182","5,356","5,340","5,247","4,852","4,647","4,076","3,918","5,039","5,507","5,449","4,821","5,570","6,367","-2,426","4,530","5,646","6,709","6,475","4,484"
Interest Expense / Income,642,648,663,664,656,713,659,674,703,732,751,756,755,758,766,807,777,806,830,"1,129","1,150","1,137","1,167","1,113","1,212","1,112","1,220","1,044","1,018","1,093","1,050","1,120",993,968,960,974,"1,010",998,"1,060","1,019"
Other Expense / Income,-63,-70,83,84,-86,-58,123,195,-59,28,52,-108,-48,-78,-38,-70,-68,-85,121,388,-597,133,181,111,793,-399,98,"-1,485",-427,"-1,324",-871,-261,-260,742,198,-264,-674,-74,-99,-685
Pretax Income,"2,989","3,226","2,999","3,039","3,320","3,450","3,219","3,133","3,445","3,306","3,637","3,588","3,835","3,888","4,051","3,392","3,936","4,293","3,885","2,997","4,629","4,086","3,992","4,023","2,847","3,934","2,758","4,359","4,448","5,738","5,270","3,962","4,837","4,657","-3,584","3,820","5,310","5,785","5,514","4,150"
Income Tax,"1,118","1,234",407,"1,114","1,261","1,313","1,223","1,162","1,311","1,278","1,400","1,309","1,262","1,367","1,409","-11,607",818,"1,077",999,486,"1,076",961,775,861,700,946,739,979,"1,119","2,000","1,235",905,"1,288","1,261","1,014",797,"1,476","1,537","1,468",890
Net Income,"1,871","1,992","2,592","1,925","2,059","2,137","1,996","1,971","2,134","2,028","2,237","2,279","2,573","2,521","2,642","14,999","3,118","3,216","2,886","2,511","3,553","3,125","3,217","3,162","2,147","2,988","2,019","3,380","3,329","3,738","4,035","3,057","3,549","3,396","-4,598","3,023","3,834","4,248","4,046","3,260"
Net Income Growth,30.20%,14.88%,49.65%,0.63%,10.05%,7.28%,-22.99%,2.39%,3.64%,-5.10%,12.07%,15.63%,20.57%,24.31%,18.10%,558.14%,21.18%,27.57%,9.24%,-83.26%,13.95%,-2.83%,11.47%,25.93%,-39.57%,-4.38%,-37.24%,6.89%,55.05%,25.10%,99.85%,-9.56%,6.61%,-9.15%,-,-1.11%,8.03%,25.09%,-,7.84%
Shares Outstanding (Basic),"5,213","5,200","5,176","5,153","5,082","5,027","4,985","4,914","4,885","4,854","4,824","4,786","4,752","4,743","4,713","4,674","4,645","4,617","4,582","4,550","4,526","4,539","4,545","4,549","4,553","4,564","4,568","4,575","4,581","4,594","4,590","4,569","4,533","4,481","4,413","4,323","4,216","4,169","4,125","4,025"
Shares Change,-0.89%,-0.92%,-1.05%,-1.14%,-2.51%,-3.32%,-3.70%,-4.62%,-3.88%,-3.44%,-3.23%,-2.62%,-2.73%,-2.30%,-2.29%,-2.34%,-2.25%,-2.65%,-2.79%,-2.66%,-2.55%,-1.70%,-0.81%,-0.01%,0.60%,0.56%,0.51%,0.57%,0.61%,0.66%,0.47%,-0.14%,-1.04%,-2.45%,-3.85%,-5.37%,-7.00%,-6.97%,-6.53%,-6.90%
EPS (Basic),0.36,0.39,0.50,0.38,0.41,0.42,0.41,0.40,0.44,0.42,0.47,0.48,0.54,0.53,0.56,3.19,0.67,0.70,0.63,0.56,0.78,0.69,0.71,0.69,0.47,0.65,0.44,0.73,0.73,0.81,0.88,0.67,0.79,0.76,-1.05,0.69,0.91,1.02,0.98,0.81
EPS (Diluted),0.35,0.38,0.49,0.37,0.41,0.42,0.40,0.40,0.43,0.41,0.46,0.47,0.53,0.52,0.55,3.14,0.66,0.69,0.62,0.55,0.77,0.68,0.70,0.68,0.46,0.65,0.44,0.73,0.71,0.80,0.86,0.66,0.78,0.76,-1.05,0.69,0.91,1.02,0.98,0.81
EPS Growth,31.48%,16.92%,52.31%,2.78%,14.08%,10.53%,-19.19%,6.76%,6.17%,-2.38%,15.00%,18.99%,23.26%,26.83%,19.57%,568.09%,24.53%,32.69%,12.73%,-82.48%,16.67%,-1.45%,12.90%,23.64%,-40.26%,-4.41%,-37.14%,7.35%,54.35%,23.08%,95.45%,-9.59%,9.86%,-5.00%,-,4.55%,16.67%,34.21%,-,17.39%
Free Cash Flow,"2,821",993,"2,529","2,017","3,222","1,250","2,447","2,519","2,996","1,694","1,271","2,593","3,032","2,262","2,216","2,107","2,981","4,183","2,975","1,989","4,372","4,016","1,786","1,979","2,954","5,629","1,879",684,"4,852","4,515","3,113","3,633","4,613","3,150","3,332","1,221","3,712","3,406","4,015","1,691"
Free Cash Flow Per Share,0.54,0.19,0.49,0.39,0.63,0.25,0.49,0.51,0.61,0.35,0.26,0.54,0.64,0.48,0.47,0.45,0.64,0.91,0.65,0.44,0.97,0.89,0.39,0.43,0.65,1.23,0.41,0.15,1.06,0.98,0.68,0.80,1.02,0.70,0.76,0.28,0.88,0.82,0.97,0.42
Dividend Per Share,0.113,0.113,0.113,-,0.237,0.125,-,0.125,0.125,0.138,0.138,0.275,-,0.315,-,0.158,0.158,0.190,0.190,0.380,-,0.210,0.210,0.210,0.440,0.230,-,0.230,0.230,0.250,0.250,0.250,0.250,0.270,0.270,0.270,0.270,0.290,0.290,0.290
Dividend Growth,-,15.31%,-42.05%,-,109.73%,10.62%,-,-,-47.26%,10.40%,-,120.00%,-,128.26%,-,-42.55%,-,-39.68%,-,140.51%,-,10.53%,10.53%,-44.74%,-,9.52%,-,9.52%,-47.73%,8.70%,-,8.70%,8.70%,8.00%,8.00%,8.00%,8.00%,7.41%,7.41%,7.41%
Gross Margin,100.00%,100.00%,100.00%,100.00%,100.00%,100.00%,100.00%,100.00%,100.00%,100.00%,100.00%,100.00%,100.00%,100.00%,100.00%,100.00%,100.00%,100.00%,100.00%,100.00%,100.00%,100.00%,100.00%,100.00%,100.00%,100.00%,100.00%,100.00%,100.00%,100.00%,100.00%,100.00%,100.00%,100.00%,100.00%,100.00%,100.00%,100.00%,100.00%,100.00%
Operating Margin,20.50%,22.58%,22.30%,21.36%,21.79%,21.90%,21.43%,20.80%,21.76%,21.10%,20.83%,19.83%,22.06%,21.46%,22.67%,18.70%,20.38%,23.07%,21.85%,16.21%,19.29%,19.94%,19.91%,18.48%,18.23%,19.60%,15.96%,14.14%,18.52%,19.29%,17.98%,15.89%,17.96%,21.21%,-8.13%,14.83%,19.02%,21.99%,21.50%,14.35%
Profit Margin,10.75%,11.83%,15.44%,10.86%,11.53%,11.40%,10.69%,10.24%,11.36%,10.52%,10.49%,10.67%,12.50%,11.84%,12.53%,67.95%,13.68%,14.80%,13.04%,9.02%,13.23%,11.64%,11.99%,11.13%,8.07%,12.60%,7.91%,12.20%,12.24%,13.09%,13.32%,10.08%,11.44%,11.31%,-15.40%,9.89%,12.91%,13.92%,13.44%,10.43%
Free Cash Flow Margin,16.21%,5.90%,15.06%,11.37%,18.05%,6.67%,13.11%,13.09%,15.94%,8.79%,5.96%,12.14%,14.73%,10.63%,10.51%,9.54%,13.08%,19.25%,13.44%,7.14%,16.28%,14.95%,6.66%,6.97%,11.10%,23.74%,7.36%,2.47%,17.83%,15.82%,10.27%,11.98%,14.88%,10.49%,11.16%,4.00%,12.50%,11.16%,13.33%,5.41%
Effective Tax Rate,37.40%,38.25%,13.57%,36.66%,37.98%,38.06%,37.99%,37.09%,38.06%,38.66%,38.49%,36.48%,32.91%,35.16%,34.78%,-342.19%,20.78%,25.09%,25.71%,16.22%,23.24%,23.52%,19.41%,21.40%,24.59%,24.05%,26.79%,22.46%,25.16%,34.86%,23.43%,22.84%,26.63%,27.08%,-,20.86%,27.80%,26.57%,26.62%,21.45%
EBITDA,"3,631","3,874","3,662","11,722","3,976","4,163","3,878","12,487","4,148","4,038","4,388","13,770","7,058","7,153","6,921","6,808","7,312","7,502","7,192","7,323","9,099","8,499","8,339","8,313","7,323","8,310","7,298","8,655","8,828","10,214","9,797","8,664","9,378","9,093",709,"8,266","10,097","10,321","10,066","8,698"
EBITDA Margin,20.86%,23.00%,21.81%,66.11%,22.27%,22.21%,20.77%,64.88%,22.08%,20.96%,20.58%,64.47%,34.28%,33.60%,32.83%,30.84%,32.08%,34.52%,32.49%,26.30%,33.88%,31.64%,31.08%,29.27%,27.52%,35.04%,28.58%,31.24%,32.45%,35.78%,32.34%,28.56%,30.24%,30.29%,2.38%,27.05%,34.01%,33.82%,33.43%,27.83%
Depreciation & Amortization,0,0,0,"8,019",0,0,0,"8,680",0,0,0,"9,426","2,468","2,507","2,104","2,609","2,599","2,403","2,477","3,197","3,320","3,276","3,180","3,177","3,264","3,264","3,320","3,252","3,362","3,383","3,477","3,582","3,548","3,468","3,333","3,472","3,777","3,538","3,492","3,529"
EBIT,"3,631","3,874","3,662","3,703","3,976","4,163","3,878","3,807","4,148","4,038","4,388","4,344","4,590","4,646","4,817","4,199","4,713","5,099","4,715","4,126","5,779","5,223","5,159","5,136","4,059","5,046","3,978","5,403","5,466","6,831","6,320","5,082","5,830","5,625","-2,624","4,794","6,320","6,783","6,574","5,169"
EBIT Margin,20.86%,23.00%,21.81%,20.88%,22.27%,22.21%,20.77%,19.78%,22.08%,20.96%,20.58%,20.34%,22.30%,21.83%,22.85%,19.02%,20.68%,23.46%,21.30%,14.82%,21.52%,19.45%,19.23%,18.09%,15.25%,21.28%,15.58%,19.50%,20.09%,23.93%,20.86%,16.75%,18.80%,18.74%,-8.79%,15.69%,21.29%,22.23%,21.83%,16.54%
