,2013-12-31,2014-03-31,2014-06-30,2014-09-30,2014-12-31,2015-03-31,2015-06-30,2015-09-30,2015-12-31,2016-03-31,2016-06-30,2016-09-30,2016-12-31,2017-03-31,2017-06-30,2017-09-30,2017-12-31,2018-03-31,2018-06-30,2018-09-30,2018-12-31,2019-03-31,2019-06-30,2019-09-30,2019-12-31,2020-03-31,2020-06-30,2020-09-30,2020-12-31,2021-03-31,2021-06-30,2021-09-30,2021-12-31,2022-03-31,2022-06-30,2022-09-30,2022-12-31,2023-03-31,2023-06-30,2023-09-30
Revenue,"47,049","45,453","49,762","51,199","48,285","48,644","51,368","58,989","51,942","52,163","54,254","58,843","58,158","65,145","57,481","60,472","58,963","50,458","68,562","78,156","28,206","81,000","73,646","75,898","96,679","-9,010","96,925","94,606","103,804","70,299","96,508","75,504","112,434","68,865","9,282","63,439","92,628","120,151","125,564","63,432"
Revenue Growth (YoY),0.66%,3.62%,11.34%,10.01%,2.63%,7.02%,3.23%,15.22%,7.57%,7.23%,5.62%,-0.25%,11.97%,24.89%,5.95%,2.77%,1.38%,-22.55%,19.28%,29.24%,-52.16%,60.53%,7.42%,-2.89%,242.76%,-,31.61%,24.65%,7.37%,-,-0.43%,-20.19%,8.31%,-2.04%,-90.38%,-15.98%,-17.62%,74.47%,1252.77%,-0.01%
Cost of Revenue,"35,512","34,808","36,633","40,248","37,856","36,679","40,775","39,922","39,675","40,659","41,852","43,076","40,970","54,113","45,709","49,418","45,191","45,950","47,469","48,787","51,022","47,445","49,015","49,522","52,436","47,995","43,879","49,279","50,777","49,969","53,250","55,870","56,226","55,806","58,418","61,632","61,687","68,396","73,197","73,184"
Gross Profit,"11,537","10,645","13,129","10,951","10,429","11,965","10,593","19,067","12,267","11,504","12,402","15,767","17,188","11,032","11,772","11,054","13,772","4,508","21,093","29,369","-22,816","33,555","24,631","26,376","44,243","-57,005","53,046","45,327","53,027","20,330","43,258","19,634","56,208","13,059","-49,136","1,807","30,941","51,755","52,367","-9,752"
"Selling, General & Admin","3,587","3,265","3,389","3,384","3,732","3,443","3,780","4,130","3,956","4,115","4,509","4,424","4,925","4,558","4,489","4,496","5,646","4,708","4,232","4,494","4,422","4,432","4,829","4,384","5,581","4,471","4,652","5,181","5,505","3,910","5,045","4,889","4,999","4,251","3,762","4,068","7,425","5,602","5,005","5,120"
Other Operating Expenses,0,0,0,0,0,0,0,0,0,0,0,0,"2,589",0,0,0,"3,231",749,"1,133","1,094","1,301",653,"1,175","1,162","1,108",849,"11,726","1,506","1,386","1,093","1,563","1,582","1,377","1,156","1,527","1,320",981,871,"1,189","1,089"
Operating Expenses,"3,587","3,265","3,389","3,384","3,732","3,443","3,780","4,130","3,956","4,115","4,509","4,424","7,514","4,558","4,489","4,496","8,877","5,457","5,365","5,588","5,723","5,085","6,004","5,546","6,689","5,320","16,378","6,687","6,891","5,003","6,608","6,471","6,376","5,407","5,289","5,388","8,406","6,473","6,194","6,209"
Operating Income,"7,950","7,380","9,740","7,567","6,697","8,522","6,813","14,937","8,311","7,389","7,893","11,343","9,674","6,474","7,283","6,558","4,895",-949,"15,728","23,781","-28,539","28,470","18,627","20,830","37,554","-62,325","36,668","38,640","46,136","15,327","36,650","13,163","49,832","7,652","-54,425","-3,581","22,535","45,282","46,173","-15,961"
Interest Expense / Income,718,782,824,817,830,875,967,865,808,"1,173",727,"1,043",798,"1,067","1,500","1,233",586,975,957,950,971,991,992,985,993,"1,024","1,002","1,000","1,057","1,050","1,076","1,056",990,"1,034","1,087","1,092","1,139","1,218","1,249","1,260"
Other Expense / Income,73,68,63,104,89,69,94,99,191,-172,-125,-90,-369,-202,-253,-169,"-1,977",-334,-261,-149,"3,212",-97,-24,-511,-169,-251,369,-14,-29,-122,184,-77,141,-214,175,-315,-658,-435,-224,-62
Pretax Income,"7,159","6,530","8,853","6,646","5,778","7,578","5,752","13,973","7,312","6,388","7,291","10,390","9,245","5,609","6,036","5,494","6,286","-1,590","15,032","22,980","-32,722","27,576","17,659","20,356","36,730","-63,098","35,297","37,654","45,108","14,399","35,390","12,184","48,701","6,832","-55,687","-4,358","22,054","44,499","45,148","-17,159"
Income Tax,"2,169","1,825","2,458","2,029","1,623","2,414","1,739","4,545","1,834",799,"2,290","3,192","2,959","1,549","1,774","1,427","-26,265",-452,"3,021","4,440","-7,330","5,915","3,586","3,832","7,571","-13,352","9,002","7,517","9,273","2,688","7,296","1,840","9,055","1,252","-12,066","-1,560","3,890","8,995","9,236","-4,392"
Net Income,"4,990","4,705","6,395","4,617","4,155","5,164","4,013","9,428","5,478","5,589","5,001","7,198","6,286","4,060","4,262","4,067","32,551","-1,138","12,011","18,540","-25,392","21,661","14,073","16,524","29,159","-49,746","26,295","30,137","35,835","11,711","28,094","10,344","39,646","5,580","-43,621","-2,798","18,164","35,504","35,912","-12,767"
Net Income Growth,9.65%,-3.82%,40.83%,-8.63%,-16.73%,9.76%,-37.25%,104.20%,31.84%,8.23%,24.62%,-23.65%,14.75%,-27.36%,-14.78%,-43.50%,417.83%,-,181.82%,355.86%,-,-,17.17%,-10.87%,-,-,86.85%,82.38%,22.90%,-,6.84%,-65.68%,10.63%,-52.35%,-,-,-54.18%,536.27%,-,-
Shares Outstanding (Basic),"1,171","1,180","1,183","1,211","1,217","1,227","1,228","1,248","1,249","1,254","1,256","1,283","1,290","1,305","1,314","1,333","1,338","1,345","1,347","1,362","1,364","1,373","1,369","1,387","1,384","1,387","1,391","1,402","1,372","1,337","1,327","1,326","1,304","1,292","1,286","1,302","1,303","1,302","1,297","1,309"
Shares Outstanding (Diluted),-,-,-,-,-,"1,643","1,643","1,643","2,466","1,643","1,644","1,644","2,467","2,468","2,469","1,333","2,469","2,469","2,469","2,467","2,464","2,461","2,454","2,451","2,444","2,436","2,419","2,382","2,337","2,301","2,281","2,256","2,229","2,214","2,207","2,202","2,197","2,186","2,176","2,172"
Shares Change,6.36%,4.74%,4.73%,4.05%,3.93%,39.23%,38.92%,35.70%,102.70%,0.03%,0.04%,0.04%,0.04%,50.19%,50.18%,-18.92%,0.05%,0.03%,0.03%,85.08%,-0.18%,-0.31%,-0.61%,-0.64%,-0.83%,-1.03%,-1.42%,-2.84%,-4.38%,-5.52%,-5.72%,-5.27%,-4.60%,-3.82%,-3.22%,-2.40%,-1.47%,-1.24%,-1.43%,-1.36%
EPS (Basic),-,-,-,-,-,-,-,-,-,-,-,-,-,1.65,1.73,1.65,13.20,-0.46,4.87,7.52,-10.29,8.81,5.74,6.75,11.92,-20.44,10.88,12.66,15.01,5.09,12.33,4.59,17.62,2.52,-19.78,-1.27,8.22,16.25,16.52,-5.88
EPS (Diluted),-,-,-,-,-,-,-,-,-,-,-,-,-,1.65,1.73,1.65,13.20,-0.46,4.87,7.52,-10.29,8.81,5.74,6.75,11.92,-20.44,10.88,12.66,15.01,5.09,12.33,4.59,17.62,2.52,-19.78,-1.27,8.22,16.25,16.52,-5.88
EPS Growth,-,-,-,-,-,-,-,-,-,-,-,-,-,-,-,-,-,-,181.50%,355.76%,-,-,17.86%,-10.24%,-,-,89.55%,87.56%,25.92%,-,13.33%,-63.74%,17.39%,-50.49%,-,-,-53.35%,544.84%,-,-
Free Cash Flow,"3,607","2,134","3,606","8,245","2,840","2,516","4,591","5,245","3,057","4,611","4,509","6,548","4,025","15,940","5,533","7,615","4,932","4,967","4,795","6,753","6,348","4,426","5,589","5,456","7,237","3,830","7,449","8,432","7,050","6,787","7,109","8,486","3,763","3,736","4,788","7,608","5,644","4,980","7,749","8,366"
Free Cash Flow Per Share,1.46,0.86,1.46,3.34,1.15,1.02,1.86,2.13,1.24,1.86,1.83,2.66,1.63,6.46,2.24,3.09,2.00,2.01,1.94,2.74,2.58,1.80,2.28,2.22,2.96,1.57,3.06,3.53,3.01,2.94,3.11,3.75,1.68,1.70,2.17,3.45,2.56,2.27,3.54,3.83
Gross Margin,24.52%,23.42%,26.38%,21.39%,21.60%,24.60%,20.62%,32.32%,23.62%,22.05%,22.86%,26.80%,29.55%,16.93%,20.48%,18.28%,23.36%,8.93%,30.76%,37.58%,-80.89%,41.43%,33.45%,34.75%,45.76%,-,54.73%,47.91%,51.08%,28.92%,44.82%,26.00%,49.99%,18.96%,-529.37%,2.85%,33.40%,43.07%,41.71%,-15.37%
Operating Margin,16.90%,16.24%,19.57%,14.78%,13.87%,17.52%,13.26%,25.32%,16.00%,14.17%,14.55%,19.28%,16.63%,9.94%,12.67%,10.84%,8.30%,-1.88%,22.94%,30.43%,-101.18%,35.15%,25.29%,27.44%,38.84%,-,37.83%,40.84%,44.45%,21.80%,37.98%,17.43%,44.32%,11.11%,-586.35%,-5.64%,24.33%,37.69%,36.77%,-25.16%
Profit Margin,10.61%,10.35%,12.85%,9.02%,8.61%,10.62%,7.81%,15.98%,10.55%,10.71%,9.22%,12.23%,10.81%,6.23%,7.41%,6.73%,55.21%,-2.26%,17.52%,23.72%,-90.02%,26.74%,19.11%,21.77%,30.16%,-,27.13%,31.86%,34.52%,16.66%,29.11%,13.70%,35.26%,8.10%,-469.95%,-4.41%,19.61%,29.55%,28.60%,-20.13%
Free Cash Flow Margin,7.67%,4.69%,7.25%,16.10%,5.88%,5.17%,8.94%,8.89%,5.89%,8.84%,8.31%,11.13%,6.92%,24.47%,9.63%,12.59%,8.36%,9.84%,6.99%,8.64%,22.51%,5.46%,7.59%,7.19%,7.49%,-,7.69%,8.91%,6.79%,9.65%,7.37%,11.24%,3.35%,5.43%,51.58%,11.99%,6.09%,4.14%,6.17%,13.19%
Effective Tax Rate,30.30%,27.95%,27.76%,30.53%,28.09%,31.86%,30.23%,32.53%,25.08%,12.51%,31.41%,30.72%,32.01%,27.62%,29.39%,25.97%,-417.83%,-,20.10%,19.32%,-,21.45%,20.31%,18.82%,20.61%,-,25.50%,19.96%,20.56%,18.67%,20.62%,15.10%,18.59%,18.33%,-,-,17.64%,20.21%,20.46%,-
EBITDA,"9,552","9,084","11,487","9,317","8,542","10,324","8,660","16,827","10,098","9,686","10,252","13,679","12,339","8,919","9,832","9,023","9,225","1,772","18,376","26,325","-29,141","30,984","21,107","23,875","40,380","-59,489","38,823","41,237","49,069","18,122","39,138","15,908","52,396","10,569","-51,890",-538,"25,951","48,768","49,493","-12,689"
EBITDA Margin,20.30%,19.99%,23.08%,18.20%,17.69%,21.22%,16.86%,28.53%,19.44%,18.57%,18.90%,23.25%,21.22%,13.69%,17.10%,14.92%,15.65%,3.51%,26.80%,33.68%,-103.31%,38.25%,28.66%,31.46%,41.77%,-,40.05%,43.59%,47.27%,25.78%,40.55%,21.07%,46.60%,15.35%,-559.04%,-0.85%,28.02%,40.59%,39.42%,-20.00%
Depreciation & Amortization,"1,675","1,772","1,810","1,854","1,934","1,871","1,941","1,989","1,978","2,125","2,234","2,246","2,296","2,243","2,296","2,296","2,353","2,387","2,387","2,395","2,610","2,417","2,456","2,534","2,657","2,585","2,524","2,583","2,904","2,673","2,672","2,668","2,705","2,703","2,710","2,728","2,758","3,051","3,096","3,210"
EBIT,"7,877","7,312","9,677","7,463","6,608","8,453","6,719","14,838","8,120","7,561","8,018","11,433","10,043","6,676","7,536","6,727","6,872",-615,"15,989","23,930","-31,751","28,567","18,651","21,341","37,723","-62,074","36,299","38,654","46,165","15,449","36,466","13,240","49,691","7,866","-54,600","-3,266","23,193","45,717","46,397","-15,899"
EBIT Margin,16.74%,16.09%,19.45%,14.58%,13.69%,17.38%,13.08%,25.15%,15.63%,14.49%,14.78%,19.43%,17.27%,10.25%,13.11%,11.12%,11.65%,-1.22%,23.32%,30.62%,-112.57%,35.27%,25.33%,28.12%,39.02%,-,37.45%,40.86%,44.47%,21.98%,37.79%,17.54%,44.20%,11.42%,-588.24%,-5.15%,25.04%,38.05%,36.95%,-25.06%
