,2014-03-31,2014-06-30,2014-09-30,2014-12-31,2015-03-31,2015-06-30,2015-09-30,2015-12-31,2016-03-31,2016-06-30,2016-09-30,2016-12-31,2017-03-31,2017-06-30,2017-09-30,2017-12-31,2018-03-31,2018-06-30,2018-09-30,2018-12-31,2019-03-31,2019-06-30,2019-09-30,2019-12-31,2020-03-31,2020-06-30,2020-09-30,2020-12-31,2021-03-31,2021-06-30,2021-09-30,2021-12-31,2022-03-31,2022-06-30,2022-09-30,2022-12-31,2023-03-31,2023-06-30,2023-09-30,2023-12-31
Revenue,"2,096","2,131","2,156","2,064","2,010","2,001","1,874","1,758","1,614","1,634","1,612","1,561","1,601","1,614","1,617","1,616","1,618","1,559","1,413","1,412","1,434","1,477","1,347","1,389","1,311","1,161","1,705","1,995","2,077","2,173","2,181","2,224","2,081","2,031","1,939","1,967","1,927","1,969","1,986","1,991"
Revenue Growth (YoY),4.09%,2.19%,8.60%,-2.14%,-4.11%,-6.09%,-13.07%,-14.84%,-19.70%,-18.32%,-13.98%,-11.22%,-0.82%,-1.25%,0.32%,3.50%,1.07%,-3.43%,-12.64%,-12.63%,-11.37%,-5.25%,-4.62%,-1.58%,-8.55%,-21.37%,26.54%,43.62%,58.37%,87.14%,27.92%,11.47%,0.22%,-6.52%,-11.10%,-11.55%,-7.39%,-3.07%,2.43%,1.22%
Gross Profit,"2,096","2,131","2,156","2,064","2,010","2,001","1,874","1,758","1,614","1,634","1,612","1,561","1,601","1,614","1,617","1,616","1,618","1,559","1,413","1,412","1,434","1,477","1,347","1,389","1,311","1,161","1,705","1,995","2,077","2,173","2,181","2,224","2,081","2,031","1,939","1,967","1,927","1,969","1,986","1,991"
"Selling, General & Admin","1,310","1,344","1,320","1,282","1,252","1,231","1,156","1,104","1,077","1,039","1,032",973.9,"1,045","1,050","1,059","1,034","1,062","1,056","1,023","1,000","1,054","1,102","1,032","1,012",966.9,923.9,"1,561","1,528","1,562","1,637","1,592","1,608","1,558","1,545","1,509","1,690","1,586","1,569","1,561","1,699"
Other Operating Expenses,0,0,0,0,0,0,0,0,0,0,0,0,0,0,0,0,0,0,1.8,0,0,0,14.7,4.8,4.4,4.7,40.1,58.2,57.9,58,57.9,58.3,60.4,81.8,81.5,83.2,86,85.4,86.5,85.8
Operating Expenses,"1,310","1,344","1,320","1,282","1,252","1,231","1,156","1,104","1,077","1,039","1,032",973.9,"1,045","1,050","1,059","1,034","1,062","1,056","1,024","1,000","1,054","1,102","1,046","1,016",971.3,928.6,"1,601","1,586","1,620","1,695","1,650","1,666","1,618","1,627","1,591","1,773","1,672","1,654","1,648","1,785"
Operating Income,786,786.8,835.3,782,757.7,769.8,718.1,653.6,537.3,595.4,579.4,586.9,555.5,564.2,557.7,581.1,555.7,503.1,388.3,411.5,379.5,374.9,301,372.9,339.9,232.5,103.6,409.1,456.3,478.1,531.5,557.7,463,404.7,348.5,194,255.1,314.9,338.3,206.5
Interest Expense / Income,11.4,10.9,12.5,11.3,1.7,13.7,12.9,12,12.2,12.3,13.4,13.3,12.6,12.9,12.7,10.8,10,22.1,3.4,6.4,5.7,5.6,4.7,6.1,3.7,5.2,18.4,29.7,15.9,25.7,14.1,19.3,22.9,28.9,27.1,30.9,33.5,34.9,24.4,18.8
Other Expense / Income,-25.2,-54.4,-72.8,-51.8,-86.5,34.5,132.8,-15.9,-17,-50.7,-69.4,-67.5,-70.3,-43.4,-62.1,-69.9,-47.7,-12.8,-124.6,43.2,-104.6,-35.5,-96.6,-81.2,213,-79.2,-66.8,-108.4,-69.5,-69.8,-143.5,-65.9,-16.6,29.9,40.2,-62.8,-65.5,-31.6,-56.6,-138.5
Pretax Income,799.8,830.3,895.6,822.5,842.5,721.6,572.4,657.5,542.1,633.8,635.4,641.1,613.2,594.7,607.1,640.2,593.4,493.8,509.5,361.9,478.4,404.8,392.9,448,123.2,306.5,152,487.8,509.9,522.2,660.9,604.3,456.7,345.9,281.2,225.9,287.1,311.6,370.5,326.2
Income Tax,238.8,251.4,255,256.1,236,217.4,214.2,209.7,181.7,187.4,163.3,200.9,192.5,184.1,181.9,"1,224",150.2,91.8,7,86,110.9,158.9,86.5,97.5,44.1,16.1,73.1,142.5,128.1,83.8,-4.8,151.1,107.1,89.5,48.5,60.3,92.9,84.1,75,74.9
Net Income,561,578.9,640.6,566.4,606.5,504.2,358.2,447.8,360.4,446.4,472.1,440.2,420.7,410.6,425.2,-583.3,443.2,402,502.5,275.9,367.5,245.9,306.4,350.5,79.1,290.4,78.9,345.3,381.8,438.4,665.7,453.2,349.6,256.4,232.7,165.6,194.2,227.5,295.5,251.3
Net Income Growth,-2.06%,4.82%,25.85%,-6.19%,8.11%,-12.90%,-44.08%,-20.94%,-40.58%,-11.46%,31.80%,-1.70%,16.73%,-8.02%,-9.93%,-,5.35%,-2.09%,18.18%,-,-17.08%,-38.83%,-39.02%,27.04%,-78.48%,18.10%,-74.25%,-1.48%,382.68%,50.96%,743.73%,31.25%,-8.43%,-41.51%,-65.04%,-63.46%,-44.45%,-11.27%,26.99%,51.75%
Shares Outstanding (Basic),631,628,625,622,622,619,614,601,593,585,576,569,565,561,558,554,552,540,527,513,510,508,504,498,497,495,495,505,505,504,503,502,502,500,498,500,500,501,499,495
Shares Change,-1.06%,-1.59%,-1.56%,-1.34%,-1.43%,-1.45%,-1.83%,-3.36%,-4.69%,-5.44%,-6.14%,-5.43%,-4.61%,-4.04%,-3.20%,-2.62%,-2.41%,-3.76%,-5.49%,-7.37%,-7.65%,-6.04%,-4.44%,-2.93%,-2.48%,-2.41%,-1.65%,1.31%,1.71%,1.82%,1.51%,-0.55%,-0.65%,-0.87%,-0.89%,-0.45%,-0.35%,0.19%,0.12%,-1.00%
EPS (Basic),0.89,0.92,1.02,0.91,0.98,0.82,0.59,0.74,0.61,0.77,0.82,0.77,0.74,0.73,0.76,-1.06,0.79,0.75,0.94,0.54,0.72,0.48,0.61,0.70,0.16,0.58,0.15,0.67,0.74,0.86,1.31,0.89,0.68,0.50,0.46,0.32,0.38,0.44,0.58,0.50
EPS (Diluted),0.89,0.92,1.02,0.91,0.98,0.82,0.59,0.74,0.61,0.77,0.82,0.77,0.74,0.73,0.76,-1.06,0.78,0.75,0.94,0.54,0.72,0.48,0.61,0.70,0.16,0.58,0.15,0.67,0.74,0.86,1.30,0.88,0.68,0.50,0.46,0.32,0.38,0.44,0.58,0.50
EPS Growth,-1.11%,6.98%,27.50%,-5.21%,10.11%,-10.87%,-42.16%,-18.68%,-37.76%,-6.10%,38.98%,4.05%,21.31%,-5.19%,-7.32%,-,5.41%,2.74%,23.68%,-,-7.69%,-36.00%,-35.11%,29.63%,-77.78%,20.83%,-75.41%,-4.29%,362.50%,48.28%,766.67%,31.34%,-8.11%,-41.86%,-64.62%,-63.64%,-44.12%,-12.00%,26.09%,56.25%
Free Cash Flow,301.3,761.7,712.2,556.3,535.4,679.7,411.8,276.1,118.5,709.4,526.1,433.4,152.1,323.8,151.2,301.2,552.1,583.7,686.2,229.1,142.9,-405.3,68.1,6,61.5,549.8,362.3,277.6,247.9,178.9,461.7,149.7,78.3,806.7,831.7,-283.7,-48.8,576.3,746.1,-271.4
Free Cash Flow Per Share,0.48,1.21,1.14,0.89,0.86,1.10,0.67,0.46,0.20,1.21,0.91,0.76,0.27,0.58,0.27,0.54,1.00,1.08,1.30,0.45,0.28,-0.80,0.14,0.01,0.12,1.11,0.73,0.55,0.49,0.35,0.92,0.30,0.16,1.61,1.67,-0.57,-0.10,1.15,1.50,-0.55
Dividend Per Share,0.120,0.120,0.120,0.150,0.150,0.150,0.150,0.180,0.180,0.180,0.180,0.200,0.200,0.200,0.200,0.230,3.230,0.230,0.230,0.260,0.260,0.260,0.260,0.270,0.270,-,0.540,0.280,0.280,0.280,0.280,0.290,0.290,0.290,0.290,0.300,0.300,0.300,0.300,-
Dividend Growth,23.71%,23.71%,20.00%,25.00%,25.00%,25.00%,25.00%,20.00%,20.00%,20.00%,20.00%,11.11%,11.11%,11.11%,11.11%,15.00%,1515.00%,15.00%,15.00%,13.04%,-91.95%,13.04%,13.04%,3.85%,3.85%,-,107.69%,3.70%,3.70%,-,-48.15%,3.57%,3.57%,3.57%,3.57%,3.45%,3.45%,3.45%,3.45%,-
Gross Margin,100.00%,100.00%,100.00%,100.00%,100.00%,100.00%,100.00%,100.00%,100.00%,100.00%,100.00%,100.00%,100.00%,100.00%,100.00%,100.00%,100.00%,100.00%,100.00%,100.00%,100.00%,100.00%,100.00%,100.00%,100.00%,100.00%,100.00%,100.00%,100.00%,100.00%,100.00%,100.00%,100.00%,100.00%,100.00%,100.00%,100.00%,100.00%,100.00%,100.00%
Operating Margin,37.50%,36.93%,38.75%,37.88%,37.70%,38.47%,38.32%,37.18%,33.29%,36.43%,35.95%,37.60%,34.71%,34.96%,34.49%,35.97%,34.35%,32.28%,27.49%,29.15%,26.47%,25.39%,22.34%,26.84%,25.92%,20.02%,6.08%,20.51%,21.97%,22.00%,24.37%,25.08%,22.25%,19.92%,17.97%,9.86%,13.24%,15.99%,17.03%,10.37%
Profit Margin,26.77%,27.17%,29.72%,27.44%,30.18%,25.20%,19.12%,25.47%,22.33%,27.31%,29.29%,28.20%,26.28%,25.44%,26.30%,-36.11%,27.40%,25.79%,35.57%,19.55%,25.63%,16.65%,22.74%,25.23%,6.03%,25.01%,4.63%,17.31%,18.39%,20.18%,30.52%,20.38%,16.80%,12.62%,12.00%,8.42%,10.08%,11.55%,14.88%,12.62%
Free Cash Flow Margin,14.38%,35.75%,33.04%,26.95%,26.64%,33.97%,21.98%,15.71%,7.34%,43.41%,32.64%,27.77%,9.50%,20.06%,9.35%,18.64%,34.13%,37.45%,48.58%,16.23%,9.97%,-27.45%,5.05%,0.43%,4.69%,47.35%,21.25%,13.91%,11.94%,8.23%,21.17%,6.73%,3.76%,39.71%,42.89%,-14.42%,-2.53%,29.27%,37.57%,-13.63%
Effective Tax Rate,29.86%,30.28%,28.47%,31.14%,28.01%,30.13%,37.42%,31.89%,33.52%,29.57%,25.70%,31.34%,31.39%,30.96%,29.96%,191.11%,25.31%,18.59%,1.37%,23.76%,23.18%,39.25%,22.02%,21.76%,35.80%,5.25%,48.09%,29.21%,25.12%,16.05%,-0.73%,25.00%,23.45%,25.87%,17.25%,26.69%,32.36%,26.99%,20.24%,22.96%
EBITDA,869,894.2,960.4,888.9,897.9,786.3,635.7,714.9,592.2,686.4,687.5,691.4,663.7,647.9,656.9,691,642.2,556.3,550.8,410.3,523.7,456.3,449.3,501.2,171.5,352.5,246.7,616.5,626.1,652.4,760,722.7,576.9,497.3,432,377.5,447,469.5,520.2,469.9
EBITDA Margin,41.46%,41.97%,44.56%,43.06%,44.68%,39.30%,33.93%,40.67%,36.69%,42.00%,42.65%,44.30%,41.47%,40.14%,40.63%,42.77%,39.70%,35.69%,38.99%,29.07%,36.53%,30.90%,33.35%,36.08%,13.08%,30.36%,14.47%,30.90%,30.15%,30.02%,34.85%,32.50%,27.72%,24.48%,22.28%,19.19%,23.19%,23.84%,26.19%,23.60%
Depreciation & Amortization,57.8,53,52.3,55.1,53.7,51,50.4,45.4,37.9,40.3,38.7,37,37.9,40.3,37.1,40,38.8,40.4,37.9,42,39.6,45.9,51.7,47.1,44.6,40.8,76.3,99,100.3,104.5,85,99.1,97.3,122.5,123.7,120.7,126.4,123,125.3,124.9
EBIT,811.2,841.2,908.1,833.8,844.2,735.3,585.3,669.5,554.3,646.1,648.8,654.4,625.8,607.6,619.8,651,603.4,515.9,512.9,368.3,484.1,410.4,397.6,454.1,126.9,311.7,170.4,517.5,525.8,547.9,675,623.6,479.6,374.8,308.3,256.8,320.6,346.5,394.9,345
EBIT Margin,38.70%,39.48%,42.13%,40.39%,42.00%,36.75%,31.24%,38.08%,34.35%,39.53%,40.25%,41.93%,39.10%,37.65%,38.33%,40.30%,37.30%,33.10%,36.31%,26.09%,33.76%,27.79%,29.51%,32.69%,9.68%,26.85%,9.99%,25.94%,25.32%,25.22%,30.95%,28.04%,23.05%,18.45%,15.90%,13.05%,16.64%,17.60%,19.88%,17.33%
