,2014-03-31,2014-06-30,2014-09-30,2014-12-31,2015-03-31,2015-06-30,2015-09-30,2015-12-31,2016-03-31,2016-06-30,2016-09-30,2016-12-31,2017-03-31,2017-06-30,2017-09-30,2017-12-31,2018-03-31,2018-06-30,2018-09-30,2018-12-31,2019-03-31,2019-06-30,2019-09-30,2019-12-31,2020-03-31,2020-06-30,2020-09-30,2020-12-31,2021-03-31,2021-06-30,2021-09-30,2021-12-31,2022-03-31,2022-06-30,2022-09-30,2022-12-31,2023-03-31,2023-06-30,2023-09-30,2023-12-31
Revenue,"5,638","6,015","6,182","6,153","5,614","5,429","5,562","5,208","4,829","4,770","5,174","5,168","5,132","5,250","5,408","5,450","5,475","5,672","5,928","5,757","5,384","5,596","5,516","5,212","5,229","4,244","4,919","5,141","5,001","5,504","5,566","5,733","5,860","6,269","6,566","6,180","6,056","5,963","5,941","6,159"
Revenue Growth (YoY),6.58%,9.96%,10.93%,9.29%,-0.43%,-9.74%,-10.03%,-15.36%,-13.98%,-12.14%,-6.98%,-0.77%,6.27%,10.06%,4.52%,5.46%,6.68%,8.04%,9.62%,5.63%,-1.66%,-1.34%,-6.95%,-9.47%,-2.88%,-24.16%,-10.82%,-1.36%,-4.36%,29.69%,13.15%,11.52%,17.18%,13.90%,17.97%,7.80%,3.34%,-4.88%,-9.52%,-0.34%
Cost of Revenue,"1,840","1,875","1,842","1,774","1,518","1,453","1,375","1,318","1,178","1,202","1,240","1,264","1,302","1,304","1,340","1,196","1,454","1,538","1,563","1,491","1,365","1,393","1,314","1,273","1,182",899,"1,026","1,044","1,113","1,175","1,271","1,365","1,490","1,792","1,773","1,724","1,654","1,562","1,605","1,633"
Gross Profit,"3,798","4,140","4,340","4,379","4,096","3,976","4,187","3,890","3,651","3,568","3,934","3,904","3,830","3,946","4,068","4,254","4,021","4,134","4,365","4,266","4,019","4,203","4,202","3,939","4,047","3,345","3,893","4,097","3,888","4,329","4,295","4,368","4,370","4,477","4,793","4,456","4,402","4,401","4,336","4,526"
"Selling, General & Admin","1,254","1,246","1,287","1,289","1,369","1,305","1,267","1,220","1,213","1,160","1,191","1,215","1,262","1,204","1,237","1,236","1,273","1,241","1,262","1,280","1,205","1,145","1,134","1,049","1,059",905,"1,008","1,021","1,026","1,022","1,040","1,070","1,101","1,092","1,278","1,174","1,179","1,269","1,201","1,169"
Other Operating Expenses,690,698,723,717,750,722,712,752,751,748,783,753,780,744,758,771,809,794,834,776,854,798,834,790,845,786,854,"1,070",869,834,823,858,892,890,882,870,929,928,958,950
Operating Expenses,"1,944","1,944","2,010","2,006","2,119","2,027","1,979","1,972","1,964","1,908","1,974","1,968","2,042","1,948","1,995","2,007","2,082","2,035","2,096","2,056","2,059","1,943","1,968","1,839","1,904","1,691","1,862","2,091","1,895","1,856","1,863","1,928","1,993","1,982","2,160","2,044","2,108","2,197","2,159","2,119"
Operating Income,"1,854","2,196","2,330","2,373","1,977","1,949","2,208","1,918","1,687","1,660","1,960","1,936","1,788","1,998","2,073","2,247","1,939","2,099","2,269","2,210","1,960","2,260","2,234","2,100","2,143","1,654","2,031","2,006","1,993","2,473","2,432","2,440","2,377","2,495","2,633","2,412","2,294","2,204","2,177","2,407"
Interest Expense / Income,133,138,144,146,148,153,157,164,167,173,184,174,172,179,180,188,186,203,241,240,247,259,266,278,278,289,295,279,290,282,290,295,307,316,315,333,336,339,334,331
Other Expense / Income,-38,-22,-20,-71,-26,-142,-30,-28,-46,-77,-29,-69,-72,-50,-90,-33,42,-42,-48,-46,-77,-57,-53,-56,-53,-131,-37,-66,-51,-125,-38,-83,-47,-163,-124,-92,-184,-93,-106,-108
Pretax Income,"1,759","2,080","2,206","2,298","1,855","1,938","2,081","1,782","1,566","1,564","1,805","1,831","1,688","1,869","1,983","2,092","1,711","1,938","2,076","2,016","1,790","2,058","2,021","1,878","1,918","1,496","1,773","1,793","1,754","2,316","2,180","2,228","2,117","2,342","2,442","2,171","2,142","1,958","1,949","2,184"
Income Tax,671,789,836,867,704,734,781,665,587,585,674,687,616,701,789,"-5,186",401,429,483,462,399,488,466,475,444,364,410,413,413,518,507,517,487,507,547,533,512,389,421,532
Net Income,"1,088","1,291","1,370","1,431","1,151","1,204","1,300","1,117",979,979,"1,131","1,144","1,072","1,168","1,194","7,278","1,310","1,509","1,593","1,554","1,391","1,570","1,555","1,403","1,474","1,132","1,363","1,380","1,341","1,798","1,673","1,711","1,630","1,835","1,895","1,638","1,630","1,569","1,528","1,652"
Net Income Growth,13.69%,16.73%,19.03%,21.89%,5.79%,-6.74%,-5.11%,-21.94%,-14.94%,-18.69%,-13.00%,2.42%,9.50%,19.31%,5.57%,536.19%,22.20%,29.20%,33.42%,-78.65%,6.18%,4.04%,-2.39%,-9.72%,5.97%,-27.90%,-12.35%,-1.64%,-9.02%,58.83%,22.74%,23.99%,21.55%,2.06%,13.27%,-4.27%,0%,-14.50%,-19.37%,0.85%
Shares Outstanding (Basic),908,902,893,897,879,872,863,866,844,837,829,832,812,804,795,798,776,761,737,751,717,706,699,704,684,678,675,677,668,659,649,654,632,626,620,623,611,609,609,609
Shares Outstanding (Diluted),913,905,897,901,883,875,866,869,847,840,832,835,815,807,798,802,780,764,741,754,720,708,702,706,686,679,677,679,669,660,650,655,634,627,622,624,612,610,610,610
Shares Change,-3.03%,-3.24%,-3.39%,-3.26%,-3.25%,-3.29%,-3.47%,-3.52%,-4.09%,-4.01%,-3.88%,-3.91%,-3.77%,-3.92%,-4.16%,-4.03%,-4.32%,-5.39%,-7.11%,-5.91%,-7.71%,-7.29%,-5.26%,-6.39%,-4.63%,-4.07%,-3.58%,-3.82%,-2.48%,-2.81%,-3.92%,-3.49%,-5.32%,-5.04%,-4.43%,-4.79%,-3.49%,-2.76%,-1.88%,-2.21%
EPS (Basic),1.20,1.43,1.53,1.61,1.31,1.38,1.51,1.31,1.16,1.17,1.36,1.40,1.32,1.45,1.50,9.15,1.69,1.98,2.16,2.12,1.94,2.23,2.22,2.02,2.15,1.67,2.02,2.06,2.01,2.73,2.58,2.66,2.58,2.93,3.05,2.68,2.67,2.58,2.51,2.71
EPS (Diluted),1.19,1.43,1.53,1.60,1.30,1.38,1.50,1.31,1.16,1.17,1.36,1.38,1.32,1.45,1.50,9.09,1.68,1.98,2.15,2.10,1.93,2.22,2.22,2.01,2.15,1.67,2.01,2.05,2.00,2.72,2.57,2.66,2.57,2.93,3.05,2.66,2.67,2.57,2.51,2.70
EPS Growth,17.24%,21.19%,23.39%,25.49%,9.24%,-3.50%,-1.96%,-18.13%,-10.77%,-15.22%,-9.33%,5.34%,13.79%,23.93%,10.29%,558.70%,27.27%,36.55%,43.33%,-76.90%,14.88%,12.12%,3.26%,-4.29%,11.40%,-24.77%,-9.46%,1.99%,-6.98%,62.87%,27.86%,29.76%,28.50%,7.72%,18.68%,0%,3.89%,-12.29%,-17.70%,1.50%
Free Cash Flow,874,279,979,907,963,603,736,392,"1,486",449,928,"1,157","1,072",798,"1,149",973,991,"1,428","1,527","1,303","1,207","1,133","1,429","1,387","1,348","1,445",906,"1,914","1,422","1,607","1,529","1,538","1,388","1,134","1,858","1,362","1,068","1,183","1,151","1,371"
Free Cash Flow Per Share,0.96,0.31,1.10,1.01,1.09,0.69,0.85,0.45,1.76,0.54,1.12,1.39,1.32,0.99,1.45,1.22,1.28,1.88,2.07,1.74,1.68,1.61,2.04,1.97,1.97,2.13,1.34,2.83,2.13,2.44,2.36,2.35,2.20,1.81,3.00,2.19,1.75,1.94,1.89,2.25
Dividend Per Share,0.455,0.455,0.500,0.500,0.550,0.550,0.550,0.550,0.550,0.550,0.550,0.605,0.605,0.605,0.605,0.665,0.730,0.730,0.800,0.800,0.880,0.880,0.970,0.970,0.970,0.970,0.970,0.970,0.970,1.070,1.070,1.180,1.180,1.300,1.300,1.300,1.300,1.300,1.300,1.300
Dividend Growth,31.88%,31.88%,26.58%,26.58%,20.88%,20.88%,10.00%,10.00%,0%,0%,0%,10.00%,10.00%,10.00%,10.00%,9.92%,20.66%,20.66%,32.23%,20.30%,20.55%,20.55%,21.25%,21.25%,10.23%,10.23%,0%,0%,0%,10.31%,10.31%,21.65%,21.65%,21.50%,21.50%,10.17%,10.17%,0%,0%,0%
Gross Margin,67.36%,68.83%,70.20%,71.17%,72.96%,73.24%,75.28%,74.69%,75.61%,74.80%,76.03%,75.54%,74.63%,75.16%,75.22%,78.06%,73.44%,72.88%,73.63%,74.10%,74.65%,75.11%,76.18%,75.58%,77.40%,78.82%,79.14%,79.69%,77.74%,78.65%,77.16%,76.19%,74.57%,71.41%,73.00%,72.10%,72.69%,73.81%,72.98%,73.49%
Operating Margin,32.88%,36.51%,37.69%,38.57%,35.22%,35.90%,39.70%,36.83%,34.93%,34.80%,37.88%,37.46%,34.84%,38.06%,38.33%,41.23%,35.42%,37.01%,38.28%,38.39%,36.40%,40.39%,40.50%,40.29%,40.98%,38.97%,41.29%,39.02%,39.85%,44.93%,43.69%,42.56%,40.56%,39.80%,40.10%,39.03%,37.88%,36.96%,36.64%,39.08%
Profit Margin,19.30%,21.46%,22.16%,23.26%,20.50%,22.18%,23.37%,21.45%,20.27%,20.52%,21.86%,22.14%,20.89%,22.25%,22.08%,133.54%,23.93%,26.60%,26.87%,26.99%,25.84%,28.06%,28.19%,26.92%,28.19%,26.67%,27.71%,26.84%,26.81%,32.67%,30.06%,29.84%,27.82%,29.27%,28.86%,26.50%,26.92%,26.31%,25.72%,26.82%
Free Cash Flow Margin,15.50%,4.64%,15.84%,14.74%,17.15%,11.11%,13.23%,7.53%,30.77%,9.41%,17.94%,22.39%,20.89%,15.20%,21.25%,17.85%,18.10%,25.18%,25.76%,22.63%,22.42%,20.25%,25.91%,26.61%,25.78%,34.05%,18.42%,37.23%,28.43%,29.20%,27.47%,26.83%,23.69%,18.09%,28.30%,22.04%,17.64%,19.84%,19.37%,22.26%
Effective Tax Rate,38.15%,37.93%,37.90%,37.73%,37.95%,37.87%,37.53%,37.32%,37.48%,37.40%,37.34%,37.52%,36.49%,37.51%,39.79%,-247.90%,23.44%,22.14%,23.27%,22.92%,22.29%,23.71%,23.06%,25.29%,23.15%,24.33%,23.12%,23.03%,23.55%,22.37%,23.26%,23.20%,23.00%,21.65%,22.40%,24.55%,23.90%,19.87%,21.60%,24.36%
EBITDA,"2,356","2,688","2,831","2,933","2,494","2,588","2,745","2,463","2,235","2,241","2,501","2,525","2,380","2,573","2,691","2,812","2,440","2,687","2,864","2,811","2,586","2,868","2,844","2,715","2,743","2,336","2,623","2,629","2,593","3,148","3,023","3,079","2,979","3,217","3,320","3,073","3,050","2,874","2,863","3,104"
EBITDA Margin,41.79%,44.69%,45.79%,47.67%,44.42%,47.67%,49.35%,47.29%,46.28%,46.98%,48.34%,48.86%,46.38%,49.01%,49.76%,51.60%,44.57%,47.37%,48.31%,48.83%,48.03%,51.25%,51.56%,52.09%,52.46%,55.04%,53.32%,51.14%,51.85%,57.19%,54.31%,53.71%,50.84%,51.32%,50.56%,49.72%,50.36%,48.20%,48.19%,50.40%
Depreciation & Amortization,464,470,481,489,491,497,507,517,502,504,512,520,520,525,528,532,543,546,547,555,549,551,557,559,547,551,555,557,549,550,553,556,555,559,563,569,572,577,580,589
EBIT,"1,892","2,218","2,350","2,444","2,003","2,091","2,238","1,946","1,733","1,737","1,989","2,005","1,860","2,048","2,163","2,280","1,897","2,141","2,317","2,256","2,037","2,317","2,287","2,156","2,196","1,785","2,068","2,072","2,044","2,598","2,470","2,523","2,424","2,658","2,757","2,504","2,478","2,297","2,283","2,515"
EBIT Margin,33.56%,36.87%,38.01%,39.72%,35.68%,38.52%,40.24%,37.37%,35.89%,36.42%,38.44%,38.80%,36.24%,39.01%,40.00%,41.83%,34.65%,37.75%,39.09%,39.19%,37.83%,41.40%,41.46%,41.37%,42.00%,42.06%,42.04%,40.30%,40.87%,47.20%,44.38%,44.01%,41.37%,42.40%,41.99%,40.52%,40.92%,38.52%,38.43%,40.83%
