,2014-02-23,2014-05-25,2014-08-24,2014-11-23,2015-02-22,2015-05-31,2015-08-30,2015-11-29,2016-02-28,2016-05-29,2016-08-28,2016-11-27,2017-02-26,2017-05-28,2017-08-27,2017-11-26,2018-02-25,2018-05-27,2018-08-26,2018-11-25,2019-02-24,2019-05-26,2019-08-25,2019-11-24,2020-02-23,2020-05-31,2020-08-30,2020-11-29,2021-02-28,2021-05-30,2021-08-29,2021-11-28,2022-02-27,2022-05-29,2022-08-28,2022-11-27,2023-02-26,2023-05-28,2023-08-27,2023-11-26
Revenue,"3,947",-46,"2,763","3,136","2,907",222.5,"2,795","2,359","2,199","2,053","1,896","2,088","1,981","1,862","1,804","2,173","1,995","1,966","1,834","2,384","2,707","2,613","2,391","2,821","2,555","3,288","2,679","2,995","2,771","2,740","2,653","3,059","2,914","2,910","2,904","3,313","3,087","2,973","2,904","3,208"
Revenue Growth (YoY),2.96%,-,-25.64%,-25.70%,-26.35%,-,1.15%,-24.79%,-24.35%,822.70%,-32.18%,-11.46%,-9.92%,-9.32%,-4.82%,4.07%,0.67%,5.61%,1.67%,9.68%,35.73%,32.91%,30.33%,18.34%,-5.62%,25.82%,12.06%,6.18%,8.46%,-16.68%,-0.96%,2.13%,5.15%,6.22%,9.46%,8.30%,5.93%,2.18%,-0.01%,-3.16%
Cost of Revenue,"3,024",-298.4,"2,172","2,379","2,187",-4.7,"2,094","1,691","1,580","1,473","1,351","1,441","1,360","1,331","1,285","1,515","1,396","1,391","1,319","1,707","1,955","1,905","1,726","2,023","1,871","2,365","1,869","2,106","2,013","2,018","1,980","2,304","2,217","2,197","2,184","2,391","2,248","2,190","2,081","2,362"
Gross Profit,923.1,252.4,590.8,757.3,720,227.2,701.1,668,619.8,580.1,544.6,647.5,621,530.7,519,658.3,598.8,575.4,515.5,677.2,752.3,708,664.5,797.9,684.4,922.8,810.2,888.9,758.4,721.7,673.4,754.8,697.2,713.4,720.3,922.3,838.8,783.4,823.1,846.6
"Selling, General & Admin",534.9,152.8,393.8,392,360.3,237.3,405.4,483.2,447,731.6,231.7,417.9,349.7,474.7,259.6,324.8,352.1,461.9,257.3,487.3,334.1,394.7,400.8,369.8,319.9,532,300.3,357.7,309.7,435.3,310.1,345.4,338,499.3,741.6,372.7,348.8,726.4,334.1,398.1
Other Operating Expenses,0,0,0,0,0,0,0,0,0,0,0,0,0,-55.2,-20.6,-17.5,-21.9,-20.4,-10.2,-9.7,-9.8,-5.4,-9.5,-11.3,-16.4,27.3,-13.8,-13.7,-13.7,-13.3,-16.1,-16.1,-16.1,-19,0,0,-6,-6,0,0
Operating Expenses,534.9,152.8,393.8,392,360.3,237.3,405.4,483.2,447,731.6,231.7,417.9,349.7,419.5,239,307.3,330.2,441.5,247.1,477.6,324.3,389.3,391.3,358.5,303.5,559.3,286.5,344,296,422,294,329.3,321.9,480.3,741.6,372.7,342.8,720.4,334.1,398.1
Operating Income,388.2,99.6,197,365.3,359.7,-10.1,295.7,184.8,172.8,-151.5,312.9,229.6,271.3,111.2,280,351,268.6,133.9,268.4,199.6,428,318.7,273.2,439.4,380.9,363.5,523.7,544.9,462.4,299.7,379.4,425.5,375.3,233.1,-21.3,549.6,496,63,489,448.5
Interest Expense / Income,95,91.2,83.3,78.7,79.8,86.4,80.3,79.2,76.4,60.1,58.2,54.1,45.7,37.5,36.4,38,39.8,44.5,49,80.6,130.9,130.9,122.7,121.4,117.7,125.3,113.7,107.7,100.6,98.4,94.2,94.9,94.6,96.2,97.1,100.3,104.2,108,106,113.3
Other Expense / Income,-19.3,367.4,-411.7,174.7,"1,133",-270.5,"1,285",-92.4,-141.8,-249.6,-100.7,-25,-22,-16.8,-28.9,-20,-42.6,-16.7,-16.2,-35,-12.1,-10.5,-11.8,-26.6,-10.1,-23,-5.7,-22.4,-21.2,-33,-19.9,-29.1,-47.6,-48.7,-55.3,-55.1,-50,-64.2,-35,-53.9
Pretax Income,312.5,-359,525.4,111.9,-853.5,174,"-1,069.1",198,238.2,38,355.4,200.5,247.6,90.5,272.5,333,271.4,106.1,235.6,154,309.2,198.3,162.3,344.6,273.3,261.2,415.7,459.6,383,234.3,305.1,359.7,328.3,185.6,-63.1,504.4,441.8,19.2,418,389.1
Income Tax,78.2,-34.8,43.1,101.9,100.6,-35.2,85,43.1,33.6,-79.6,169.2,78.4,67.9,-60.8,120,109.5,-91.4,36.5,57.4,22.4,67.2,71.8,-11.5,84.1,68.9,59.8,86.7,80.7,101.6,-75.2,69.7,84.2,109.9,26.7,14.4,122.5,100.1,-18.3,98.3,102.9
Net Income,234.3,-324.2,482.3,10,-954.1,209.2,"-1,154.1",154.9,204.6,117.6,186.2,122.1,179.7,151.3,152.5,223.5,362.8,69.6,178.2,131.6,242,126.5,173.8,260.5,204.4,201.4,329,378.9,281.4,309.5,235.4,275.5,218.4,158.9,-77.5,381.9,341.7,37.5,319.7,286.2
Net Income Growth,95.25%,-,234.23%,-95.98%,-,-,-,1449.00%,-,-43.79%,-,-21.17%,-12.17%,28.66%,-18.10%,83.05%,101.89%,-54.00%,16.85%,-41.12%,-33.30%,81.75%,-2.47%,97.95%,-15.54%,59.21%,89.30%,45.45%,37.67%,53.67%,-28.45%,-27.29%,-22.39%,-48.66%,-,38.62%,56.46%,-76.40%,-,-25.06%
Shares Outstanding (Basic),420,421,422,425,426,427,429,433,434,436,439,438,435,426,417,408,401,394,391,392,486,486,486,487,487,487,487,489,489,480,480,480,480,480,480,479,477,477,477,478
Shares Change,3.81%,1.04%,0.71%,0.70%,1.31%,1.40%,1.50%,1.90%,1.93%,2.19%,2.30%,1.12%,0.25%,-2.50%,-5.04%,-6.69%,-7.94%,-7.52%,-6.17%,-4.10%,21.21%,23.48%,24.37%,24.23%,0.24%,0.24%,0.23%,0.38%,0.36%,-1.46%,-1.42%,-1.81%,-1.82%,-0.01%,-0.05%,-0.09%,-0.64%,-0.62%,-0.63%,-0.27%
EPS (Basic),0.56,-0.77,1.14,0.02,-2.23,0.49,-2.68,0.36,0.46,0.27,0.42,0.28,0.42,0.36,0.37,0.55,0.91,0.19,0.45,0.31,0.50,0.25,0.36,0.53,0.42,0.41,0.67,0.77,0.58,0.64,0.49,0.57,0.45,0.33,-0.16,0.80,0.72,0.08,0.67,0.60
EPS (Diluted),0.55,-0.76,1.12,0.02,-2.21,0.48,-2.65,0.35,0.46,0.27,0.42,0.28,0.41,0.35,0.36,0.54,0.90,0.18,0.45,0.31,0.50,0.25,0.36,0.53,0.42,0.41,0.67,0.77,0.58,0.64,0.49,0.57,0.45,0.33,-0.16,0.79,0.71,0.08,0.67,0.60
EPS Growth,89.66%,-,229.41%,-96.55%,-,-,-,1650.00%,-,-43.75%,-,-20.00%,-10.87%,29.63%,-14.29%,92.86%,119.51%,-48.57%,25.00%,-42.59%,-44.44%,38.89%,-20.00%,70.97%,-16.00%,64.00%,86.11%,45.28%,38.10%,56.10%,-26.87%,-25.97%,-22.41%,-48.44%,-,38.60%,57.78%,-75.76%,-,-24.05%
Free Cash Flow,255.5,639.7,145,117.4,252.9,752.8,4.4,253.5,329,430.5,269.8,165.4,265.3,240.8,97.4,206.8,369.7,36.7,25.8,120.5,392.6,256,101.4,148.2,400.3,837.2,139.6,120.8,414,289.8,-13.2,27.7,391.9,326.7,140.3,-28.5,327.3,197.3,300.1,341
Free Cash Flow Per Share,0.61,1.52,0.34,0.28,0.59,1.76,0.01,0.59,0.76,0.99,0.61,0.38,0.61,0.57,0.23,0.51,0.92,0.09,0.07,0.31,0.81,0.53,0.21,0.30,0.82,1.72,0.29,0.25,0.85,0.60,-0.03,0.06,0.82,0.68,0.29,-0.06,0.69,0.41,0.63,0.71
Dividend Per Share,0.250,0.250,0.250,0.250,0.250,0.250,0.250,0.250,0.250,0.250,0.250,0.250,0.200,0.200,0.213,0.213,0.213,0.212,0.212,0.212,0.213,0.212,0.212,0.213,0.212,0.212,0.212,0.275,0.275,0.275,0.312,0.312,0.312,0.312,0.330,0.330,0.330,0.330,0.350,0.350
Dividend Growth,0%,0%,0%,0%,0%,0%,0%,0%,0%,0%,0%,0%,-20.00%,-20.00%,-14.80%,-14.80%,6.50%,6.00%,-0.47%,-0.47%,0%,0%,0%,0.47%,-0.47%,0%,0%,29.11%,29.72%,29.72%,47.17%,13.45%,13.45%,13.45%,5.77%,5.77%,5.77%,5.77%,6.06%,6.06%
Gross Margin,23.39%,-,21.38%,24.15%,24.77%,102.11%,25.08%,28.32%,28.18%,28.26%,28.73%,31.00%,31.34%,28.51%,28.77%,30.29%,30.02%,29.26%,28.10%,28.41%,27.79%,27.09%,27.80%,28.29%,26.79%,28.07%,30.24%,29.68%,27.37%,26.34%,25.38%,24.68%,23.93%,24.52%,24.80%,27.84%,27.18%,26.35%,28.34%,26.39%
Operating Margin,9.83%,-,7.13%,11.65%,12.37%,-4.54%,10.58%,7.83%,7.86%,-7.38%,16.51%,10.99%,13.69%,5.97%,15.52%,16.15%,13.47%,6.81%,14.63%,8.37%,15.81%,12.20%,11.43%,15.58%,14.91%,11.06%,19.55%,18.19%,16.69%,10.94%,14.30%,13.91%,12.88%,8.01%,-0.73%,16.59%,16.07%,2.12%,16.84%,13.98%
Profit Margin,5.94%,-,17.46%,0.32%,-32.82%,94.02%,-41.29%,6.57%,9.30%,5.73%,9.82%,5.85%,9.07%,8.13%,8.45%,10.28%,18.19%,3.54%,9.71%,5.52%,8.94%,4.84%,7.27%,9.23%,8.00%,6.13%,12.28%,12.65%,10.15%,11.30%,8.87%,9.01%,7.50%,5.46%,-2.67%,11.53%,11.07%,1.26%,11.01%,8.92%
Free Cash Flow Margin,6.47%,-,5.25%,3.74%,8.70%,338.34%,0.16%,10.75%,14.96%,20.97%,14.23%,7.92%,13.39%,12.93%,5.40%,9.52%,18.54%,1.87%,1.41%,5.06%,14.50%,9.80%,4.24%,5.25%,15.67%,25.46%,5.21%,4.03%,14.94%,10.58%,-0.50%,0.91%,13.45%,11.23%,4.83%,-0.86%,10.60%,6.64%,10.33%,10.63%
Effective Tax Rate,25.02%,-,8.20%,91.06%,-,-20.23%,-,21.77%,14.11%,-209.47%,47.61%,39.10%,27.42%,-67.18%,44.04%,32.88%,-33.68%,34.40%,24.36%,14.55%,21.73%,36.21%,-7.09%,24.41%,25.21%,22.89%,20.86%,17.56%,26.53%,-32.10%,22.84%,23.41%,33.48%,14.39%,-,24.29%,22.66%,-95.31%,23.52%,26.45%
EBITDA,557.2,-340.7,704.7,286,-681.3,261.2,-897.1,326.7,384,166,480.8,320.9,359.6,196.2,373.6,435.3,375.6,214.2,348.3,311.2,532.4,429.6,381.7,562.7,490.1,482.9,624.6,665.1,580.2,430.8,495.8,551.6,515,371.6,127,697.2,637.5,220.1,620.6,601.7
EBITDA Margin,14.12%,-,25.50%,9.12%,-23.43%,117.39%,-32.10%,13.85%,17.46%,8.09%,25.36%,15.37%,18.15%,10.54%,20.71%,20.03%,18.83%,10.89%,18.99%,13.06%,19.67%,16.44%,15.97%,19.95%,19.18%,14.69%,23.32%,22.21%,20.94%,15.73%,18.69%,18.03%,17.68%,12.77%,4.37%,21.05%,20.65%,7.40%,21.37%,18.76%
Depreciation & Amortization,149.7,-72.9,96,95.4,92.4,0.8,91.7,49.5,69.4,67.9,67.2,66.3,66.3,68.2,64.7,64.3,64.4,63.6,63.7,76.6,92.3,100.4,96.7,96.7,99.1,96.4,95.2,97.8,96.6,98.1,96.5,97,92.1,89.8,93,92.5,91.5,92.9,96.6,99.3
EBIT,407.5,-267.8,608.7,190.6,-773.7,260.4,-988.8,277.2,314.6,98.1,413.6,254.6,293.3,128,308.9,371,311.2,150.6,284.6,234.6,440.1,329.2,285,466,391,386.5,529.4,567.3,483.6,332.7,399.3,454.6,422.9,281.8,34,604.7,546,127.2,524,502.4
EBIT Margin,10.32%,-,22.03%,6.08%,-26.61%,117.03%,-35.38%,11.75%,14.30%,4.78%,21.82%,12.19%,14.80%,6.88%,17.12%,17.07%,15.60%,7.66%,15.51%,9.84%,16.26%,12.60%,11.92%,16.52%,15.30%,11.76%,19.76%,18.94%,17.45%,12.14%,15.05%,14.86%,14.51%,9.68%,1.17%,18.25%,17.69%,4.28%,18.04%,15.66%
