,2014-02-23,2014-05-25,2014-08-24,2014-11-23,2015-02-22,2015-05-31,2015-08-30,2015-11-29,2016-02-28,2016-05-29,2016-08-28,2016-11-27,2017-02-26,2017-05-28,2017-08-27,2017-11-26,2018-02-25,2018-05-27,2018-08-26,2018-11-25,2019-02-24,2019-05-26,2019-08-25,2019-11-24,2020-02-23,2020-05-31,2020-08-30,2020-11-29,2021-02-28,2021-05-30,2021-08-29,2021-11-28,2022-02-27,2022-05-29,2022-08-28,2022-11-27,2023-02-26,2023-05-28,2023-08-27,2023-11-26
Revenue,"4,377","4,284","4,268","4,712","4,351","4,299","4,208","4,425","4,002","3,928","3,908","4,112","3,793","3,807","3,769","4,199","3,882","3,890","4,094","4,411","4,198","4,162","4,003","4,421","4,180","5,023","4,364","4,719","4,520","4,524","4,540","5,024","4,538","4,891","4,718","5,221","5,126","5,030","4,905","5,139"
Revenue Growth (YoY),-1.20%,-2.88%,-2.39%,-3.35%,-0.61%,0.35%,-1.42%,-6.10%,-8.01%,-8.63%,-7.13%,-7.07%,-5.23%,-3.09%,-3.55%,2.11%,2.35%,2.20%,8.62%,5.06%,8.14%,6.98%,-2.23%,0.22%,-0.43%,20.70%,9.03%,6.75%,8.13%,-9.94%,4.03%,6.45%,0.39%,8.13%,3.91%,3.92%,12.96%,2.84%,3.97%,-1.56%
Cost of Revenue,"2,865","2,801","2,830","3,093","2,975","2,783","2,653","2,884","2,645","2,551","2,491","2,593","2,486","2,483","2,456","2,753","2,626","2,471","2,751","2,902","2,755","2,700","2,613","2,852","2,777","3,255","2,774","2,998","2,966","2,941","2,943","3,393","3,134","3,121","3,270","3,516","3,461","3,302","3,134","3,374"
Gross Profit,"1,513","1,482","1,439","1,619","1,376","1,516","1,555","1,541","1,358","1,377","1,417","1,520","1,308","1,324","1,313","1,446","1,257","1,420","1,343","1,510","1,443","1,461","1,390","1,569","1,403","1,768","1,590","1,721","1,554","1,583","1,597","1,631","1,404","1,770","1,448","1,705","1,665","1,728","1,771","1,766"
"Selling, General & Admin",842.1,865.9,867.2,845.5,789.4,825.9,811.2,772.7,755.8,779.2,712.2,708.1,687.6,780.9,702.8,735.6,679.5,732.2,742.7,753.3,696.6,743.2,718.9,759,746.6,927.1,736.2,804.1,716.3,823,757.4,828.8,751.4,809.4,791.4,894.2,946.9,867.9,839.3,830.5
Other Operating Expenses,0,-65.4,14,214.6,49.3,266,60.1,61.3,16.9,13.1,58.9,42.5,77.6,1.4,5.2,1.6,7.5,151.3,-1.4,209.4,95.1,-28,8.2,-1.1,5.8,11.5,0.5,0.4,11,212,-4.3,2.3,-163,-55.6,-429.3,11.1,-12.3,42.1,1.2,123.6
Operating Expenses,842.1,800.5,881.2,"1,060",838.7,"1,092",871.3,834,772.7,792.3,771.1,750.6,765.2,782.3,708,737.2,687,883.5,741.3,962.7,791.7,715.2,727.1,757.9,752.4,938.6,736.7,804.5,727.3,"1,035",753.1,831.1,588.4,753.8,362.1,905.3,934.6,910,840.5,954.1
Operating Income,670.6,681.9,557.5,559,537.2,423.6,683.3,706.6,584.8,584.5,645.8,768.9,542.5,541.4,605.3,709,569.5,536.1,601.5,547,651.3,746.1,662.4,811.2,650.8,829.5,853.7,916.6,826.6,547.9,844.3,800.1,815.3,"1,016","1,086",799.8,730.2,818.2,930,811.8
Interest Expense / Income,75.5,79.4,78.5,77.3,80,79.6,75.3,73.8,77.2,77.5,73.9,75.5,76.4,69.3,72.4,74.9,89.3,137.1,133.5,132.7,130.8,124.8,118.7,119.4,109.8,118.6,111.1,100.6,106,102.6,95.9,92.7,86.5,104.5,87.7,91.5,98.3,104.6,117,117.8
Other Expense / Income,-16.4,-5.8,-18.8,-17.8,-2.5,-7.1,-17.2,-208.2,-11.7,39.9,-13.7,-15.8,1.3,-81,-40.3,-31.3,-28.7,-41.8,-35,-35.7,-22.1,-3.6,-44.1,-44.5,-31.3,-54.4,-67.1,-61.8,-37.1,-78.4,-47.5,-49.5,-54.7,-45.7,-38.2,-44.7,-29.5,-42,-33.7,-37.5
Pretax Income,611.5,608.3,497.8,499.5,459.7,351.1,625.2,841,519.3,467.1,585.6,709.2,464.8,553.1,573.2,665.4,508.9,440.8,503,450,542.6,624.9,587.8,736.3,572.3,765.3,809.7,877.8,757.7,523.7,795.9,756.9,783.5,957.3,"1,036",753,661.4,755.6,846.7,731.5
Income Tax,200.9,203.7,152.6,153.4,116.5,164.3,198.6,311.5,157.6,87.5,176.6,227.4,107,144.2,168.5,234.9,-432.5,86.4,110.7,106.6,95.8,54.7,67.2,155.5,118.2,139.6,170.8,189.4,162,106.9,168.9,159.7,123.2,134.5,216.1,147.1,108.3,140.7,173.2,136
Net Income,410.6,404.6,345.2,346.1,343.2,186.8,426.6,529.5,361.7,379.6,409,481.8,357.8,408.9,404.7,430.5,941.4,354.4,392.3,343.4,446.8,570.2,520.6,580.8,454.1,625.7,638.9,688.4,595.7,416.8,627,597.2,660.3,822.8,820,605.9,553.1,614.9,673.5,595.5
Net Income Growth,3.06%,10.46%,-24.84%,-37.06%,-16.42%,-53.83%,23.58%,52.99%,5.39%,103.21%,-4.13%,-9.01%,-1.08%,7.72%,-1.05%,-10.65%,163.11%,-13.33%,-3.06%,-20.23%,-52.54%,60.89%,32.70%,69.13%,1.63%,9.73%,22.72%,18.53%,31.18%,-33.39%,-1.86%,-13.25%,10.84%,97.41%,30.78%,1.46%,-16.24%,-25.27%,-17.87%,-1.72%
Shares Outstanding (Basic),625,614,613,604,604,596,599,598,593,594,597,591,580,576,577,568,569,570,593,596,597,599,602,604,605,606,610,611,611,610,607,606,603,602,597,594,590,587,585,581
Shares Change,-3.41%,-4.68%,-4.42%,-4.81%,-3.33%,-2.99%,-2.25%,-1.00%,-1.72%,-0.28%,-0.29%,-1.05%,-2.25%,-3.07%,-3.34%,-3.90%,-1.89%,-1.04%,2.82%,4.91%,4.87%,5.02%,1.45%,1.37%,1.35%,1.23%,1.31%,1.15%,1.09%,0.63%,-0.44%,-0.92%,-1.35%,-1.27%,-1.66%,-2.01%,-2.25%,-2.47%,-2.01%,-2.06%
EPS (Basic),0.66,0.66,0.56,0.58,0.57,0.31,0.71,0.88,0.61,0.63,0.68,0.82,0.62,0.70,0.70,0.75,1.64,0.59,0.66,0.57,0.74,0.95,0.86,0.96,0.75,1.03,1.04,1.12,0.97,0.68,1.03,0.98,1.09,1.36,1.37,1.01,0.94,1.04,1.15,1.03
EPS (Diluted),0.64,0.65,0.55,0.56,0.56,0.30,0.69,0.87,0.59,0.62,0.67,0.80,0.61,0.69,0.69,0.74,1.62,0.59,0.65,0.57,0.74,0.94,0.85,0.95,0.74,1.02,1.03,1.11,0.96,0.68,1.02,0.97,1.08,1.35,1.35,1.01,0.92,1.03,1.14,1.02
EPS Growth,6.67%,18.18%,-21.43%,-33.33%,-12.50%,-53.85%,25.45%,55.36%,5.36%,106.67%,-2.90%,-8.05%,3.39%,11.29%,2.99%,-7.50%,165.57%,-14.49%,-5.80%,-22.97%,-54.32%,59.32%,30.77%,66.67%,0%,8.51%,21.18%,16.84%,29.73%,-33.33%,-0.97%,-12.61%,12.50%,98.53%,32.35%,4.12%,-14.81%,-23.70%,-15.56%,0.99%
Free Cash Flow,571.9,571.1,181.1,365.6,525.1,769.6,284.1,579.6,525.7,649.9,217.7,543.1,424.2,550,474.6,832.8,430.9,481.4,494.8,659.2,516.6,613.1,502.6,796.1,592.6,"1,326",466.9,734.1,662.3,591.8,266.1,"1,009",604.1,871.6,297.9,676.6,702,413.9,236.4,965.6
Free Cash Flow Per Share,0.92,0.93,0.30,0.61,0.87,1.29,0.47,0.97,0.89,1.09,0.36,0.92,0.73,0.95,0.82,1.47,0.76,0.84,0.83,1.11,0.87,1.02,0.83,1.32,0.98,2.19,0.77,1.20,1.08,0.97,0.44,1.67,1.00,1.45,0.50,1.14,1.19,0.70,0.40,1.66
Dividend Per Share,0.380,0.410,0.410,0.410,0.410,0.440,0.440,0.440,0.440,0.460,0.480,0.480,0.480,0.480,0.490,0.490,0.490,0.490,0.490,0.490,0.490,0.490,0.490,0.490,0.490,0.490,0.490,0.510,0.510,0.510,0.510,0.510,0.510,0.510,0.540,0.540,0.540,0.540,0.590,0.590
Dividend Growth,15.15%,24.24%,7.89%,7.89%,7.89%,7.32%,7.32%,7.32%,7.32%,4.55%,9.09%,9.09%,9.09%,4.35%,2.08%,2.08%,2.08%,2.08%,0%,0%,0%,0%,0%,0%,0%,0%,0%,4.08%,4.08%,4.08%,4.08%,0%,0%,0%,5.88%,5.88%,5.88%,5.88%,9.26%,9.26%
Gross Margin,34.56%,34.60%,33.71%,34.36%,31.62%,35.25%,36.94%,34.82%,33.92%,35.05%,36.26%,36.95%,34.47%,34.77%,34.84%,34.44%,32.36%,36.49%,32.80%,34.22%,34.37%,35.11%,34.72%,35.49%,33.57%,35.20%,36.44%,36.47%,34.38%,34.99%,35.19%,32.47%,30.93%,36.19%,30.69%,32.66%,32.48%,34.36%,36.10%,34.36%
Operating Margin,15.32%,15.92%,13.06%,11.86%,12.35%,9.85%,16.24%,15.97%,14.61%,14.88%,16.53%,18.70%,14.30%,14.22%,16.06%,16.89%,14.67%,13.78%,14.69%,12.40%,15.51%,17.93%,16.55%,18.35%,15.57%,16.51%,19.56%,19.42%,18.29%,12.11%,18.60%,15.93%,17.97%,20.77%,23.01%,15.32%,14.25%,16.27%,18.96%,15.80%
Profit Margin,9.38%,9.44%,8.09%,7.34%,7.89%,4.35%,10.14%,11.97%,9.04%,9.66%,10.47%,11.72%,9.43%,10.74%,10.74%,10.25%,24.25%,9.11%,9.58%,7.78%,10.64%,13.70%,13.01%,13.14%,10.86%,12.46%,14.64%,14.59%,13.18%,9.21%,13.81%,11.89%,14.55%,16.82%,17.38%,11.61%,10.79%,12.22%,13.73%,11.59%
Free Cash Flow Margin,13.06%,13.33%,4.24%,7.76%,12.07%,17.90%,6.75%,13.10%,13.13%,16.55%,5.57%,13.21%,11.18%,14.45%,12.59%,19.83%,11.10%,12.37%,12.09%,14.94%,12.30%,14.73%,12.56%,18.01%,14.18%,26.39%,10.70%,15.55%,14.65%,13.08%,5.86%,20.08%,13.31%,17.82%,6.31%,12.96%,13.70%,8.23%,4.82%,18.79%
Effective Tax Rate,32.85%,33.49%,30.65%,30.71%,25.34%,46.80%,31.77%,37.04%,30.35%,18.73%,30.16%,32.06%,23.02%,26.07%,29.40%,35.30%,-84.99%,19.60%,22.01%,23.69%,17.66%,8.75%,11.43%,21.12%,20.65%,18.24%,21.09%,21.58%,21.38%,20.41%,21.22%,21.10%,15.72%,14.05%,20.86%,19.54%,16.37%,18.62%,20.46%,18.59%
EBITDA,831.5,831,726.6,716.9,693,575.3,844.4,"1,063",745.2,711.5,812,933.3,688.4,777.7,790.7,886,742.1,762,791.7,737.6,827.9,905.2,860.6,"1,009",830.8,"1,022","1,067","1,127","1,023",773.1,"1,038",990.7,"1,014","1,202","1,258",984.1,896.8,995.8,"1,101",977.9
EBITDA Margin,19.00%,19.40%,17.02%,15.21%,15.93%,13.38%,20.07%,24.03%,18.62%,18.11%,20.78%,22.70%,18.15%,20.43%,20.98%,21.10%,19.11%,19.59%,19.34%,16.72%,19.72%,21.75%,21.50%,22.83%,19.87%,20.35%,24.45%,23.89%,22.63%,17.09%,22.86%,19.72%,22.34%,24.56%,26.67%,18.85%,17.50%,19.80%,22.45%,19.03%
Depreciation & Amortization,144.5,143.3,150.3,140.1,153.3,144.6,143.9,148.6,148.7,166.9,152.5,148.6,147.2,155.3,145.1,145.7,143.9,184.1,155.2,154.9,154.5,155.5,154.1,153.6,148.7,138.3,146.1,149,159.4,146.8,145.8,141.1,143.7,139.7,134.3,139.6,137.1,135.6,137.2,128.6
EBIT,687,687.7,576.3,576.8,539.7,430.7,700.5,914.8,596.5,544.6,659.5,784.7,541.2,622.4,645.6,740.3,598.2,577.9,636.5,582.7,673.4,749.7,706.5,855.7,682.1,883.9,920.8,978.4,863.7,626.3,891.8,849.6,870,"1,062","1,124",844.5,759.7,860.2,963.7,849.3
EBIT Margin,15.69%,16.05%,13.50%,12.24%,12.40%,10.02%,16.65%,20.67%,14.90%,13.86%,16.88%,19.08%,14.27%,16.35%,17.13%,17.63%,15.41%,14.86%,15.55%,13.21%,16.04%,18.01%,17.65%,19.36%,16.32%,17.60%,21.10%,20.73%,19.11%,13.85%,19.64%,16.91%,19.17%,21.71%,23.82%,16.18%,14.82%,17.10%,19.65%,16.53%
